{
    "3/1/2021": {
        "tvl": 183004.54671102314,
        "revenue": 151.7731759219758,
        "volume": 49914.99507927605,
        "rr": 0.0008293410117380097,
        "apr": 0.30270946928437353
    },
    "3/2/2021": {
        "tvl": 231168.33971181544,
        "revenue": 374.3850919430933,
        "volume": 129132.93042053632,
        "rr": 0.0016195344587836644,
        "apr": 0.5911300774560375
    },
    "3/3/2021": {
        "tvl": 242993.11718668148,
        "revenue": 118.07910895756011,
        "volume": 39235.198174163605,
        "rr": 0.00048593602289913774,
        "apr": 0.17736664835818527
    },
    "3/4/2021": {
        "tvl": 234390.10464820892,
        "revenue": 24.964258749961942,
        "volume": 8074.03890003455,
        "rr": 0.00010650730664347056,
        "apr": 0.038875166924866755
    },
    "3/5/2021": {
        "tvl": 248293.56756727002,
        "revenue": 27.72448830972835,
        "volume": 9396.98812119532,
        "rr": 0.00011166011500566551,
        "apr": 0.04075594197706792
    },
    "3/6/2021": {
        "tvl": 253693.7259646476,
        "revenue": 57.0135868238281,
        "volume": 19234.656206056217,
        "rr": 0.00022473392515734891,
        "apr": 0.08202788268243236
    },
    "3/7/2021": {
        "tvl": 265358.762772953,
        "revenue": 50.79542465073644,
        "volume": 17210.302623378033,
        "rr": 0.0001914216968753286,
        "apr": 0.06986891935949494
    },
    "3/8/2021": {
        "tvl": 270017.57639928383,
        "revenue": 40.16607216655704,
        "volume": 13623.148830942526,
        "rr": 0.000148753546721574,
        "apr": 0.05429504455337451
    },
    "3/9/2021": {
        "tvl": 264873.46072079346,
        "revenue": 59.51146878052129,
        "volume": 19485.677874102195,
        "rr": 0.00022467886597084597,
        "apr": 0.08200778607935878
    },
    "3/10/2021": {
        "tvl": 262019.8952756117,
        "revenue": 14.37189525889365,
        "volume": 4724.160469772677,
        "rr": 0.000054850396927974645,
        "apr": 0.020020394878710747
    },
    "3/11/2021": {
        "tvl": 264121.5930093291,
        "revenue": 58.684241792102945,
        "volume": 19749.934137975906,
        "rr": 0.00022218646012039668,
        "apr": 0.08109805794394478
    },
    "3/12/2021": {
        "tvl": 253173.08455620354,
        "revenue": 114.7731392650417,
        "volume": 36770.54802648921,
        "rr": 0.00045333862983986545,
        "apr": 0.16546859989155088
    },
    "3/13/2021": {
        "tvl": 260557.11353627002,
        "revenue": 49.62067970552686,
        "volume": 16191.99888983566,
        "rr": 0.0001904407023553382,
        "apr": 0.06951085635969845
    },
    "3/14/2021": {
        "tvl": 248649.35538450966,
        "revenue": 20.40992061568499,
        "volume": 6665.377449103476,
        "rr": 0.00008208314308365379,
        "apr": 0.029960347225533635
    },
    "3/15/2021": {
        "tvl": 237146.1868116883,
        "revenue": 46.109572164026346,
        "volume": 14902.252402976796,
        "rr": 0.0001944352248878485,
        "apr": 0.07096885708406471
    },
    "3/16/2021": {
        "tvl": 243810.43980076862,
        "revenue": 6.453972252172941,
        "volume": 2181.284285368234,
        "rr": 0.000026471271113110858,
        "apr": 0.009662013956285465
    },
    "3/17/2021": {
        "tvl": 252039.38573440412,
        "revenue": 41.28542653496989,
        "volume": 14080.687501346865,
        "rr": 0.00016380545609834152,
        "apr": 0.05978899147589465
    },
    "3/18/2021": {
        "tvl": 251215.04783766536,
        "revenue": 8.989626833188138,
        "volume": 2945.613982652882,
        "rr": 0.00003578458739062963,
        "apr": 0.013061374397579815
    },
    "3/19/2021": {
        "tvl": 252893.36102659436,
        "revenue": 6.717263051120152,
        "volume": 2207.7409637152814,
        "rr": 0.00002656164251940865,
        "apr": 0.009694999519584158
    },
    "3/20/2021": {
        "tvl": 250874.47397078006,
        "revenue": 9.519359447923106,
        "volume": 3146.560475901412,
        "rr": 0.00003794471114279984,
        "apr": 0.01384981956712194
    },
    "3/21/2021": {
        "tvl": 244242.5981561087,
        "revenue": 13.630412915409076,
        "volume": 4426.131050748459,
        "rr": 0.000055806861777228314,
        "apr": 0.02036950454868833
    },
    "3/22/2021": {
        "tvl": 242876.9303701831,
        "revenue": 10.668996694882914,
        "volume": 3462.630082535361,
        "rr": 0.000043927583729840724,
        "apr": 0.016033568061391865
    },
    "3/23/2021": {
        "tvl": 247452.20731167146,
        "revenue": 0.30101785199230663,
        "volume": 100.39108412152399,
        "rr": 0.0000012164686476737226,
        "apr": 0.00044401105640090875
    },
    "3/24/2021": {
        "tvl": 239474.4602565354,
        "revenue": 42.42048237089698,
        "volume": 13375.28842415674,
        "rr": 0.0001771399017893362,
        "apr": 0.06465606415310772
    },
    "3/25/2021": {
        "tvl": 244904.46866583056,
        "revenue": 8.124818998566813,
        "volume": 2688.8249147726365,
        "rr": 0.00003317546242756819,
        "apr": 0.012109043786062389
    },
    "3/26/2021": {
        "tvl": 248567.98480349447,
        "revenue": 6.844755935913383,
        "volume": 2288.021370922194,
        "rr": 0.000027536755955617164,
        "apr": 0.010050915923800266
    },
    "3/27/2021": {
        "tvl": 246812.2762402868,
        "revenue": 0.2771019607793846,
        "volume": 92.43824641111816,
        "rr": 0.000001122723573561669,
        "apr": 0.00040979410435000916
    },
    "3/28/2021": {
        "tvl": 249400.95572552516,
        "revenue": 7.021033109172771,
        "volume": 2361.8014021534996,
        "rr": 0.0000281515886286325,
        "apr": 0.010275329849450862
    },
    "3/29/2021": {
        "tvl": 265768.69771406637,
        "revenue": 19.952879789929753,
        "volume": 6714.112130719739,
        "rr": 0.0000750761092692584,
        "apr": 0.027402779883279316
    },
    "3/30/2021": {
        "tvl": 262247.00331940147,
        "revenue": 4.22154850112687,
        "volume": 1370.319555822739,
        "rr": 0.00001609760434892471,
        "apr": 0.005875625587357519
    },
    "3/31/2021": {
        "tvl": 264808.17617596866,
        "revenue": 49.52810595711522,
        "volume": 16762.323946531567,
        "rr": 0.00018703390005678344,
        "apr": 0.06826737352072595
    },
    "4/1/2021": {
        "tvl": 276149.13157606026,
        "revenue": 36.55774329192386,
        "volume": 12274.453529106933,
        "rr": 0.00013238406032015603,
        "apr": 0.04832018201685695
    },
    "4/2/2021": {
        "tvl": 278959.5289247334,
        "revenue": 18.77372734085673,
        "volume": 6283.623202729884,
        "rr": 0.00006729910755592832,
        "apr": 0.024564174257913837
    },
    "4/3/2021": {
        "tvl": 264096.30144120794,
        "revenue": 30.018292193346106,
        "volume": 9719.89324111268,
        "rr": 0.00011366419003042593,
        "apr": 0.041487429361105464
    },
    "4/4/2021": {
        "tvl": 278692.4478893889,
        "revenue": 60.696211122667066,
        "volume": 20764.649429306613,
        "rr": 0.0002177892209937349,
        "apr": 0.07949306566271323
    },
    "4/5/2021": {
        "tvl": 306475.7996735525,
        "revenue": 269.30979771398114,
        "volume": 92216.57253664506,
        "rr": 0.000878731038472991,
        "apr": 0.32073682904264167
    },
    "4/6/2021": {
        "tvl": 272260.09466908796,
        "revenue": 108.95342065687845,
        "volume": 36066.83545324947,
        "rr": 0.0004001813809302582,
        "apr": 0.14606620403954426
    },
    "4/7/2021": {
        "tvl": 259467.83635351754,
        "revenue": 49.372255111039685,
        "volume": 16004.460015396773,
        "rr": 0.00019028275644836145,
        "apr": 0.06945320610365192
    },
    "4/8/2021": {
        "tvl": 275342.63943892234,
        "revenue": 24.05204074255368,
        "volume": 8063.9140857339635,
        "rr": 0.00008735312769415434,
        "apr": 0.031883891608366334
    },
    "4/9/2021": {
        "tvl": 293176.4878273424,
        "revenue": 79.95532055879029,
        "volume": 27148.24589052245,
        "rr": 0.0002727207804122328,
        "apr": 0.09954308485046497
    },
    "4/10/2021": {
        "tvl": 277206.6307259703,
        "revenue": 45.93045183684449,
        "volume": 14621.877929313025,
        "rr": 0.00016569030732258548,
        "apr": 0.0604769621727437
    },
    "4/11/2021": {
        "tvl": 280315.93305290665,
        "revenue": 2.708177921269143,
        "volume": 899.198914141017,
        "rr": 0.000009661163001954666,
        "apr": 0.0035263244957134533
    },
    "4/12/2021": {
        "tvl": 276948.48592898756,
        "revenue": 20.090031223329074,
        "volume": 6529.299347373529,
        "rr": 0.00007254067902173101,
        "apr": 0.026477347842931816
    },
    "4/13/2021": {
        "tvl": 287303.80780298315,
        "revenue": 65.95178861405788,
        "volume": 21955.902939010837,
        "rr": 0.0002295541751374347,
        "apr": 0.08378727392516366
    },
    "4/14/2021": {
        "tvl": 281577.6815997098,
        "revenue": 22.3610432368214,
        "volume": 7432.320048902802,
        "rr": 0.0000794134077309785,
        "apr": 0.028985893821807156
    },
    "4/15/2021": {
        "tvl": 297484.13660738576,
        "revenue": 29.49259394082831,
        "volume": 9894.734480706344,
        "rr": 0.00009914005592759424,
        "apr": 0.036186120413571894
    },
    "4/16/2021": {
        "tvl": 302613.9928107076,
        "revenue": 157.1764127972603,
        "volume": 53342.97166070463,
        "rr": 0.0005193957203941258,
        "apr": 0.18957943794385593
    },
    "4/17/2021": {
        "tvl": 267131.03679592226,
        "revenue": 92.17627625422051,
        "volume": 27393.208081065786,
        "rr": 0.0003450601523500229,
        "apr": 0.12594695560775834
    },
    "4/18/2021": {
        "tvl": 288001.0512399603,
        "revenue": 70.85615233167115,
        "volume": 23786.943899642825,
        "rr": 0.0002460274086730133,
        "apr": 0.08980000416564984
    },
    "4/19/2021": {
        "tvl": 184830.40967984233,
        "revenue": 219.5079307829591,
        "volume": 68579.0089185677,
        "rr": 0.0011876180503153358,
        "apr": 0.43348058836509756
    },
    "4/20/2021": {
        "tvl": 190167.96415338403,
        "revenue": 30.48006331007946,
        "volume": 9824.072022579137,
        "rr": 0.00016027969508836468,
        "apr": 0.058502088707253104
    },
    "4/21/2021": {
        "tvl": 166830.30521206738,
        "revenue": 27.857776237894782,
        "volume": 8790.922392286666,
        "rr": 0.000166982708582132,
        "apr": 0.060948688632478175
    },
    "4/22/2021": {
        "tvl": 154771.92446502182,
        "revenue": 90.17374529671935,
        "volume": 27768.33093148682,
        "rr": 0.0005826234028452522,
        "apr": 0.21265754203851706
    },
    "4/23/2021": {
        "tvl": 161072.82400421088,
        "revenue": 95.6203638010887,
        "volume": 31767.790636720365,
        "rr": 0.0005936467830140541,
        "apr": 0.21668107580012974
    },
    "4/24/2021": {
        "tvl": 78685.00917283952,
        "revenue": 11.282956838432915,
        "volume": 3455.3346635643393,
        "rr": 0.0001433939826282382,
        "apr": 0.052338803659306946
    },
    "4/25/2021": {
        "tvl": 80510.73386580707,
        "revenue": 65.79421755393294,
        "volume": 23064.44721813743,
        "rr": 0.0008172105059133707,
        "apr": 0.29828183465838026
    },
    "4/26/2021": {
        "tvl": 180872.51492923556,
        "revenue": 33.04991080328453,
        "volume": 11198.337752428657,
        "rr": 0.00018272489226024726,
        "apr": 0.06669458567499026
    },
    "4/27/2021": {
        "tvl": 182960.16690499947,
        "revenue": 21.72851407526871,
        "volume": 7281.511694769898,
        "rr": 0.00011876089994250529,
        "apr": 0.04334772847901443
    },
    "4/28/2021": {
        "tvl": 181700.34433741542,
        "revenue": 8.132262553116258,
        "volume": 2666.2535371338467,
        "rr": 0.00004475645097300829,
        "apr": 0.016336104605148026
    },
    "4/29/2021": {
        "tvl": 180212.570605343,
        "revenue": 6.225065797936184,
        "volume": 2017.4343213668537,
        "rr": 0.00003454290550889917,
        "apr": 0.012608160510748197
    },
    "4/30/2021": {
        "tvl": 188124.57182572834,
        "revenue": 7.313881982250003,
        "volume": 2444.4276821586523,
        "rr": 0.00003887786646512776,
        "apr": 0.014190421259771635
    },
    "5/1/2021": {
        "tvl": 189297.4723412738,
        "revenue": 9.502216523103089,
        "volume": 3147.4253779487576,
        "rr": 0.00005019727102310207,
        "apr": 0.018322003923432254
    },
    "5/2/2021": {
        "tvl": 189211.94861424668,
        "revenue": 11.565472468746133,
        "volume": 3832.528170013107,
        "rr": 0.00006112442979129761,
        "apr": 0.02231041687382363
    },
    "5/3/2021": {
        "tvl": 189234.0317806042,
        "revenue": 10.69874165725062,
        "volume": 3473.686041104857,
        "rr": 0.00005653709090579765,
        "apr": 0.020636038180616142
    },
    "5/4/2021": {
        "tvl": 191783.630718592,
        "revenue": 17.60326306684579,
        "volume": 5819.988472979096,
        "rr": 0.0000917870988305327,
        "apr": 0.03350229107314444
    },
    "5/5/2021": {
        "tvl": 201981.54528133807,
        "revenue": 93.36985760720145,
        "volume": 31703.60668724359,
        "rr": 0.00046226925077312147,
        "apr": 0.1687282765321893
    },
    "5/6/2021": {
        "tvl": 228086.1120946162,
        "revenue": 154.7015450846631,
        "volume": 51990.11649930791,
        "rr": 0.0006782593804768297,
        "apr": 0.24756467387404282
    },
    "5/7/2021": {
        "tvl": 221654.25384954308,
        "revenue": 19.52562638111317,
        "volume": 6291.111113736083,
        "rr": 0.00008809046540729596,
        "apr": 0.03215301987366302
    },
    "5/8/2021": {
        "tvl": 217290.85313242968,
        "revenue": 15.536630661146688,
        "volume": 4943.202067685235,
        "rr": 0.00007150154015768793,
        "apr": 0.02609806215755609
    },
    "5/9/2021": {
        "tvl": 221201.2630411552,
        "revenue": 23.172118327285684,
        "volume": 7815.9258269096845,
        "rr": 0.00010475581381727661,
        "apr": 0.03823587204330597
    },
    "5/10/2021": {
        "tvl": 201728.09069514784,
        "revenue": 112.34297448877764,
        "volume": 34124.30798473925,
        "rr": 0.0005569029781705054,
        "apr": 0.20326958703223447
    },
    "5/11/2021": {
        "tvl": 219783.66910468592,
        "revenue": 67.84388407551309,
        "volume": 23152.470153473314,
        "rr": 0.0003086848279122965,
        "apr": 0.11266996218798822
    },
    "5/12/2021": {
        "tvl": 206465.38214383493,
        "revenue": 106.72207267680099,
        "volume": 34373.74622138721,
        "rr": 0.0005169005649695436,
        "apr": 0.18866870621388343
    },
    "5/13/2021": {
        "tvl": 198116.34158879792,
        "revenue": 51.87997111305062,
        "volume": 17232.38121076267,
        "rr": 0.0002618661878015623,
        "apr": 0.09558115854757024
    },
    "5/14/2021": {
        "tvl": 161371.09591843383,
        "revenue": 59.38614444150166,
        "volume": 19913.293851925766,
        "rr": 0.0003680097981829337,
        "apr": 0.1343235763367708
    },
    "5/15/2021": {
        "tvl": 152612.89493260084,
        "revenue": 28.478394272241747,
        "volume": 9315.05826988632,
        "rr": 0.00018660542600164158,
        "apr": 0.06811098049059917
    },
    "5/16/2021": {
        "tvl": 142960.38674087625,
        "revenue": 43.94055701440217,
        "volume": 13766.080408939995,
        "rr": 0.0003073617665433915,
        "apr": 0.11218704478833791
    },
    "5/17/2021": {
        "tvl": 145377.43053821544,
        "revenue": 70.64586566269544,
        "volume": 23707.23523616058,
        "rr": 0.0004859479590549286,
        "apr": 0.17737100505504894
    },
    "5/18/2021": {
        "tvl": 143754.3631315779,
        "revenue": 50.51909669110325,
        "volume": 16173.641260544962,
        "rr": 0.00035142652779772177,
        "apr": 0.12827068264616842
    },
    "5/19/2021": {
        "tvl": 101827.33167988279,
        "revenue": 173.7742937588353,
        "volume": 53500.395082216615,
        "rr": 0.0017065584543169024,
        "apr": 0.6228938358256694
    },
    "5/20/2021": {
        "tvl": 22659.79131630741,
        "revenue": 133.17416370396492,
        "volume": 44542.611454242004,
        "rr": 0.005877113422846239,
        "apr": 2.145146399338877
    },
    "5/21/2021": {
        "tvl": 20869.767386554406,
        "revenue": 16.71247141236069,
        "volume": 5397.984646598296,
        "rr": 0.0008007981642923292,
        "apr": 0.29229132996670015
    },
    "5/22/2021": {
        "tvl": 19882.197579919364,
        "revenue": 10.284251629330463,
        "volume": 3477.4603747298206,
        "rr": 0.0005172593013418878,
        "apr": 0.18879964498978904
    },
    "5/23/2021": {
        "tvl": 18275.53652844134,
        "revenue": 36.112994664951565,
        "volume": 12253.111235105442,
        "rr": 0.0019760292459130076,
        "apr": 0.7212506747582478
    },
    "5/24/2021": {
        "tvl": 12575.717737944906,
        "revenue": 6.664431650153914,
        "volume": 2259.9781805178905,
        "rr": 0.0005299444364948827,
        "apr": 0.19342971932063222
    },
    "5/25/2021": {
        "tvl": 12959.636044726665,
        "revenue": 10.482877206932189,
        "volume": 3630.5926609298726,
        "rr": 0.0008088866979561296,
        "apr": 0.29524364475398734
    },
    "5/26/2021": {
        "tvl": 12796.627274704659,
        "revenue": 3.8547740943565256,
        "volume": 1259.5881757999662,
        "rr": 0.00030123359941695984,
        "apr": 0.10995026378719035
    },
    "5/27/2021": {
        "tvl": 13119.834291629088,
        "revenue": 13.759880702678133,
        "volume": 4603.420326477503,
        "rr": 0.0010487846413927207,
        "apr": 0.3828063941083431
    },
    "5/28/2021": {
        "tvl": 12467.248176955592,
        "revenue": 25.85680776608328,
        "volume": 8642.53762295565,
        "rr": 0.0020739787480830683,
        "apr": 0.7570022430503199
    },
    "5/29/2021": {
        "tvl": 11972.832705377052,
        "revenue": 3.560289199506579,
        "volume": 1161.2159236235805,
        "rr": 0.00029736398119950655,
        "apr": 0.10853785313781988
    },
    "5/30/2021": {
        "tvl": 11396.144559705417,
        "revenue": 7.677986966433974,
        "volume": 2487.692254691701,
        "rr": 0.0006737354836285479,
        "apr": 0.24591345152441998
    },
    "5/31/2021": {
        "tvl": 11960.109720383449,
        "revenue": 45.31500470489821,
        "volume": 15695.90736024242,
        "rr": 0.0037888452333901647,
        "apr": 1.3829285101874103
    },
    "6/1/2021": {
        "tvl": 12339.650853392845,
        "revenue": 21.032674176382823,
        "volume": 7403.9441661910405,
        "rr": 0.0017044788727227068,
        "apr": 0.622134788543788
    },
    "6/2/2021": {
        "tvl": 12514.243782532752,
        "revenue": 47.882781845844356,
        "volume": 17820.567145272897,
        "rr": 0.003826262511577298,
        "apr": 1.396585816725714
    },
    "6/3/2021": {
        "tvl": 12064.594683156043,
        "revenue": 28.473896329496228,
        "volume": 10049.940711197465,
        "rr": 0.0023601204248701363,
        "apr": 0.8614439550775997
    },
    "6/4/2021": {
        "tvl": 11909.953106977837,
        "revenue": 12.96779159946684,
        "volume": 4644.69705667231,
        "rr": 0.0010888197025619886,
        "apr": 0.39741919143512583
    },
    "6/5/2021": {
        "tvl": 11685.869187055992,
        "revenue": 7.670035648662982,
        "volume": 2734.2615901228414,
        "rr": 0.0006563513184931763,
        "apr": 0.23956823125000934
    },
    "6/6/2021": {
        "tvl": 12392.292979647598,
        "revenue": 8.733306526686304,
        "volume": 3197.6787591063307,
        "rr": 0.000704736931335419,
        "apr": 0.25722897993742794
    },
    "6/7/2021": {
        "tvl": 11407.245987302855,
        "revenue": 4.598066922187289,
        "volume": 1526.0995011730683,
        "rr": 0.0004030829989381567,
        "apr": 0.1471252946124272
    },
    "6/8/2021": {
        "tvl": 11193.871439575496,
        "revenue": 11.209645953600473,
        "volume": 3734.1850428309667,
        "rr": 0.0010014092098618542,
        "apr": 0.3655143615995768
    },
    "6/9/2021": {
        "tvl": 11478.67952061518,
        "revenue": 5.880414597829088,
        "volume": 2001.2169826528202,
        "rr": 0.0005122901625808206,
        "apr": 0.18698590934199955
    },
    "6/10/2021": {
        "tvl": 11046.002040861684,
        "revenue": 2.000764912793941,
        "volume": 645.8463828741106,
        "rr": 0.0001811302320416613,
        "apr": 0.06611253469520638
    },
    "6/11/2021": {
        "tvl": 10693.349249419452,
        "revenue": 5.325078857558991,
        "volume": 1839.0242641597117,
        "rr": 0.0004979804487212547,
        "apr": 0.18176286378325798
    },
    "6/12/2021": {
        "tvl": 10771.222686228117,
        "revenue": 2.416610818613463,
        "volume": 804.5110129068319,
        "rr": 0.0002243580779091399,
        "apr": 0.08189069843683607
    },
    "6/13/2021": {
        "tvl": 11104.305889389565,
        "revenue": 2.950690805932732,
        "volume": 1004.3843584788916,
        "rr": 0.00026572492106437636,
        "apr": 0.09698959618849738
    },
    "6/14/2021": {
        "tvl": 11266.404863948504,
        "revenue": 1.607607175120112,
        "volume": 542.7317120686041,
        "rr": 0.0001426903430627025,
        "apr": 0.052081975217886406
    },
    "6/15/2021": {
        "tvl": 11069.254719087337,
        "revenue": 1.6573333105231025,
        "volume": 555.8555589001668,
        "rr": 0.0001497240196004587,
        "apr": 0.05464926715416742
    },
    "6/16/2021": {
        "tvl": 10937.814889027637,
        "revenue": 12.15896934841153,
        "volume": 4532.279297217143,
        "rr": 0.001111645193466284,
        "apr": 0.4057504956151937
    },
    "6/17/2021": {
        "tvl": 11128.893263081512,
        "revenue": 5.363869802547222,
        "volume": 1826.1623454278067,
        "rr": 0.0004819769293988182,
        "apr": 0.17592157923056864
    },
    "6/18/2021": {
        "tvl": 10802.807067417494,
        "revenue": 4.585347937245625,
        "volume": 1554.5327680583414,
        "rr": 0.0004244589307787936,
        "apr": 0.15492750973425967
    },
    "6/19/2021": {
        "tvl": 10697.588395411132,
        "revenue": 5.583548745397941,
        "volume": 1889.0218768691784,
        "rr": 0.0005219446233127717,
        "apr": 0.19050978750916167
    },
    "6/20/2021": {
        "tvl": 10601.29833499963,
        "revenue": 9.721187986794202,
        "volume": 3299.0474677723687,
        "rr": 0.000916980890416055,
        "apr": 0.3346980250018601
    },
    "6/21/2021": {
        "tvl": 9944.359030737678,
        "revenue": 9.615659456396434,
        "volume": 3214.1290645535028,
        "rr": 0.0009669461276161445,
        "apr": 0.3529353365798928
    },
    "6/22/2021": {
        "tvl": 9690.409269095657,
        "revenue": 10.254484185307073,
        "volume": 3545.3286445059853,
        "rr": 0.001058209607101977,
        "apr": 0.38624650659222165
    },
    "6/23/2021": {
        "tvl": 9830.521482113098,
        "revenue": 4.884118456805581,
        "volume": 1659.8477297844481,
        "rr": 0.0004968320821730941,
        "apr": 0.18134370999317934
    },
    "6/24/2021": {
        "tvl": 10261.347118422633,
        "revenue": 11.06643974669852,
        "volume": 3811.025863174584,
        "rr": 0.001078458765597206,
        "apr": 0.39363744944298024
    },
    "6/25/2021": {
        "tvl": 9779.691536253256,
        "revenue": 10.247126962913804,
        "volume": 3546.168296962237,
        "rr": 0.0010477965409162208,
        "apr": 0.3824457374344206
    },
    "6/26/2021": {
        "tvl": 9835.837427491138,
        "revenue": 6.177042558607476,
        "volume": 2129.937053461968,
        "rr": 0.000628013893493467,
        "apr": 0.22922507112511545
    },
    "6/27/2021": {
        "tvl": 9937.56532745665,
        "revenue": 5.792856705041433,
        "volume": 1974.6715315270185,
        "rr": 0.0005829251445559066,
        "apr": 0.2127676777629059
    },
    "6/28/2021": {
        "tvl": 10260.050505550098,
        "revenue": 4.438996635179103,
        "volume": 1547.4945675579058,
        "rr": 0.0004326486144271766,
        "apr": 0.15791674426591945
    },
    "6/29/2021": {
        "tvl": 10578.086492578324,
        "revenue": 5.250725765756465,
        "volume": 1802.0866539334677,
        "rr": 0.0004963776548282545,
        "apr": 0.1811778440123129
    },
    "6/30/2021": {
        "tvl": 10614.298680486438,
        "revenue": 8.847052428630661,
        "volume": 3089.2654071742204,
        "rr": 0.0008335032483017724,
        "apr": 0.3042286856301469
    },
    "7/1/2021": {
        "tvl": 10571.070198462608,
        "revenue": 4.56704962303617,
        "volume": 1566.2392255992725,
        "rr": 0.0004320328535610684,
        "apr": 0.15769199154978994
    },
    "7/2/2021": {
        "tvl": 10260.807239720376,
        "revenue": 0.672915,
        "volume": 224.75383027568674,
        "rr": 0.00006558109749836194,
        "apr": 0.02393710058690211
    },
    "7/3/2021": {
        "tvl": 10573.969397709103,
        "revenue": 1.3921351332814014,
        "volume": 475.35363913404825,
        "rr": 0.0001316568150445956,
        "apr": 0.048054737491277394
    },
    "7/4/2021": {
        "tvl": 10662.19355661542,
        "revenue": 4.47689850534207,
        "volume": 1511.897284118384,
        "rr": 0.0004198853154906714,
        "apr": 0.15325814015409506
    },
    "7/5/2021": {
        "tvl": 10414.28830745325,
        "revenue": 3.47375037780204,
        "volume": 1187.7286428908271,
        "rr": 0.0003335561946480743,
        "apr": 0.12174801104654713
    },
    "7/6/2021": {
        "tvl": 10421.444653409066,
        "revenue": 4.181675058324202,
        "volume": 1431.056770824718,
        "rr": 0.00040125675445162884,
        "apr": 0.1464587153748445
    },
    "7/7/2021": {
        "tvl": 10386.579252573963,
        "revenue": 20.87377501670533,
        "volume": 7497.598619764067,
        "rr": 0.0020096871654382716,
        "apr": 0.7335358153849691
    },
    "7/8/2021": {
        "tvl": 10087.30674036541,
        "revenue": 8.477362293097354,
        "volume": 3057.2345060915422,
        "rr": 0.0008403989797568369,
        "apr": 0.3067456276112454
    },
    "7/9/2021": {
        "tvl": 10237.836226216834,
        "revenue": 7.592796566406056,
        "volume": 2621.5742211229817,
        "rr": 0.000741640752853868,
        "apr": 0.2706988747916618
    },
    "7/10/2021": {
        "tvl": 11551.627766886826,
        "revenue": 2.1792063705391027,
        "volume": 741.9909754714402,
        "rr": 0.00018864928947813568,
        "apr": 0.06885699065951952
    },
    "7/11/2021": {
        "tvl": 11768.015024080452,
        "revenue": 2.946148621489999,
        "volume": 1011.6698763257276,
        "rr": 0.0002503522144950873,
        "apr": 0.09137855829070685
    },
    "7/12/2021": {
        "tvl": 11563.36229226617,
        "revenue": 8.338129409737585,
        "volume": 2780.258696908878,
        "rr": 0.0007210817406728066,
        "apr": 0.26319483534557436
    },
    "7/13/2021": {
        "tvl": 11272.65877527602,
        "revenue": 4.0643891643825425,
        "volume": 1330.749345125275,
        "rr": 0.0003605528425376313,
        "apr": 0.13160178752623541
    },
    "7/14/2021": {
        "tvl": 11297.786381835625,
        "revenue": 4.516220665685126,
        "volume": 1516.505623081188,
        "rr": 0.00039974385362306225,
        "apr": 0.14590650657241772
    },
    "7/15/2021": {
        "tvl": 11206.458787805279,
        "revenue": 1.9511224864448555,
        "volume": 656.4203499588922,
        "rr": 0.00017410696129700146,
        "apr": 0.06354904087340553
    },
    "7/16/2021": {
        "tvl": 10721.118711601925,
        "revenue": 4.230531549904454,
        "volume": 1392.6757371386539,
        "rr": 0.00039459795789093894,
        "apr": 0.1440282546301927
    },
    "7/17/2021": {
        "tvl": 10908.614591863601,
        "revenue": 2.832536666145823,
        "volume": 964.0219112425402,
        "rr": 0.0002596605318019508,
        "apr": 0.09477609410771203
    },
    "7/18/2021": {
        "tvl": 10751.117993308208,
        "revenue": 2.911556866092611,
        "volume": 974.4933473372184,
        "rr": 0.000270814334649182,
        "apr": 0.09884723214695143
    },
    "7/19/2021": {
        "tvl": 10184.994108422268,
        "revenue": 3.153833346961229,
        "volume": 1022.9248478822196,
        "rr": 0.0003096549014548013,
        "apr": 0.11302403903100247
    },
    "7/20/2021": {
        "tvl": 10195.026017679598,
        "revenue": 5.737228284883305,
        "volume": 1994.4990359807368,
        "rr": 0.0005627477825887007,
        "apr": 0.20540294064487574
    },
    "7/21/2021": {
        "tvl": 10649.77651370975,
        "revenue": 4.633785810846612,
        "volume": 1574.0382457718488,
        "rr": 0.0004351063897802373,
        "apr": 0.15881383226978663
    },
    "7/22/2021": {
        "tvl": 11122.527050079761,
        "revenue": 6.712246803586266,
        "volume": 2296.44881312752,
        "rr": 0.0006034821739128188,
        "apr": 0.22027099347817888
    },
    "7/23/2021": {
        "tvl": 11496.241232352242,
        "revenue": 1.8842458110025337,
        "volume": 646.1048882043958,
        "rr": 0.0001639010327740834,
        "apr": 0.05982387696254044
    },
    "7/24/2021": {
        "tvl": 11629.872416840873,
        "revenue": 3.4277276496567337,
        "volume": 1159.064071213366,
        "rr": 0.0002947347594882591,
        "apr": 0.10757818721321459
    },
    "7/25/2021": {
        "tvl": 12092.9826862593,
        "revenue": 3.2044666162723257,
        "volume": 1108.2460070185098,
        "rr": 0.00026498562839368103,
        "apr": 0.09671975436369358
    },
    "7/26/2021": {
        "tvl": 11514.435050007374,
        "revenue": 5.248621870258827,
        "volume": 1704.8942601555443,
        "rr": 0.00045582973436942225,
        "apr": 0.16637785304483912
    },
    "7/27/2021": {
        "tvl": 11726.594519879145,
        "revenue": 3.9929684597209554,
        "volume": 1437.7603220895278,
        "rr": 0.0003405053745954974,
        "apr": 0.12428446172735655
    },
    "7/28/2021": {
        "tvl": 11588.591589736332,
        "revenue": 2.988577477812772,
        "volume": 1035.103712002582,
        "rr": 0.0002578896196893905,
        "apr": 0.09412971118662752
    },
    "7/29/2021": {
        "tvl": 11818.029141445119,
        "revenue": 5.175106512233999,
        "volume": 1831.1126675803437,
        "rr": 0.000437899285091895,
        "apr": 0.15983323905854166
    },
    "7/30/2021": {
        "tvl": 11929.249047765641,
        "revenue": 5.311076668619581,
        "volume": 1815.2368464299027,
        "rr": 0.0004452146692011892,
        "apr": 0.16250335425843404
    },
    "7/31/2021": {
        "tvl": 12365.483477152802,
        "revenue": 3.1879976240758316,
        "volume": 1084.0801259967457,
        "rr": 0.0002578142318467502,
        "apr": 0.09410219462406384
    },
    "8/1/2021": {
        "tvl": 12019.757480173626,
        "revenue": 5.013346232909905,
        "volume": 1673.2091596297591,
        "rr": 0.0004170921286206755,
        "apr": 0.15223862694654658
    },
    "8/2/2021": {
        "tvl": 12243.214339608703,
        "revenue": 5.363813303853251,
        "volume": 1800.5065826416787,
        "rr": 0.00043810499065596533,
        "apr": 0.15990832158942733
    },
    "8/3/2021": {
        "tvl": 12178.756075595593,
        "revenue": 0.9289621855431826,
        "volume": 313.2894417322979,
        "rr": 0.00007627726343946439,
        "apr": 0.0278412011554045
    },
    "8/4/2021": {
        "tvl": 12423.73008678553,
        "revenue": 1.3197718890297283,
        "volume": 449.38024476312694,
        "rr": 0.00010622992288229928,
        "apr": 0.03877392185203924
    },
    "8/5/2021": {
        "tvl": 12381.45897136018,
        "revenue": 2.158850724245026,
        "volume": 727.7231574432637,
        "rr": 0.00017436157800455586,
        "apr": 0.06364197597166288
    },
    "8/6/2021": {
        "tvl": 12792.048466702454,
        "revenue": 2.029688321977941,
        "volume": 692.6308647216407,
        "rr": 0.00015866796684371506,
        "apr": 0.05791380789795599
    },
    "8/7/2021": {
        "tvl": 12918.547949000818,
        "revenue": 2.707793835377005,
        "volume": 934.7001431182758,
        "rr": 0.00020960512327443414,
        "apr": 0.07650586999516847
    },
    "8/8/2021": {
        "tvl": 12350.24465629211,
        "revenue": 3.168364603929776,
        "volume": 1035.042399518672,
        "rr": 0.0002565426590408135,
        "apr": 0.09363807054989694
    },
    "8/9/2021": {
        "tvl": 12656.90145377653,
        "revenue": 1.4150111325403965,
        "volume": 475.75810706299944,
        "rr": 0.00011179759419855398,
        "apr": 0.04080612188247221
    },
    "8/10/2021": {
        "tvl": 12685.109222823929,
        "revenue": 6.5850919324257315,
        "volume": 2204.0162597207236,
        "rr": 0.0005191198449105489,
        "apr": 0.18947874339235038
    },
    "8/11/2021": {
        "tvl": 13189.776760136005,
        "revenue": 1.7484106294433366,
        "volume": 592.0594731636561,
        "rr": 0.00013255801529011687,
        "apr": 0.048383675580892654
    },
    "8/12/2021": {
        "tvl": 12819.643614212708,
        "revenue": 3.0635115582013457,
        "volume": 1023.5608968318596,
        "rr": 0.00023897010325660953,
        "apr": 0.08722408768866248
    },
    "8/13/2021": {
        "tvl": 13308.510590734279,
        "revenue": 4.478795292807592,
        "volume": 1521.5870992796197,
        "rr": 0.0003365361782802234,
        "apr": 0.12283570507228153
    },
    "8/14/2021": {
        "tvl": 13417.91668368549,
        "revenue": 2.9744544151676475,
        "volume": 1006.7895508993715,
        "rr": 0.00022167781223326663,
        "apr": 0.08091240146514232
    },
    "8/15/2021": {
        "tvl": 13519.36196577325,
        "revenue": 5.1443066483092625,
        "volume": 1880.2931810572024,
        "rr": 0.00038051401104083316,
        "apr": 0.1388876140299041
    },
    "8/16/2021": {
        "tvl": 13379.47019857629,
        "revenue": 3.289598997129097,
        "volume": 1107.5948109631513,
        "rr": 0.0002458691523883467,
        "apr": 0.08974224062174654
    },
    "8/17/2021": {
        "tvl": 12834.506966707368,
        "revenue": 3.996166419553692,
        "volume": 1296.3106624208494,
        "rr": 0.0003113611165524101,
        "apr": 0.11364680754162969
    },
    "8/18/2021": {
        "tvl": 12793.836076604797,
        "revenue": 2.7608404050326385,
        "volume": 929.9481052421387,
        "rr": 0.00021579457392620468,
        "apr": 0.07876501948306472
    },
    "8/19/2021": {
        "tvl": 13302.552036925648,
        "revenue": 3.9062060196259463,
        "volume": 1337.3591399137877,
        "rr": 0.00029364335570971457,
        "apr": 0.10717982483404583
    },
    "8/20/2021": {
        "tvl": 13487.453100772236,
        "revenue": 6.453409837538194,
        "volume": 2231.045041431883,
        "rr": 0.0004784750530230721,
        "apr": 0.17464339435342133
    },
    "8/21/2021": {
        "tvl": 13618.693779058392,
        "revenue": 6.3838558532900365,
        "volume": 2139.9706545088725,
        "rr": 0.00046875683944862305,
        "apr": 0.17109624639874743
    },
    "8/22/2021": {
        "tvl": 13690.48064827846,
        "revenue": 8.192650482612352,
        "volume": 2763.53920695478,
        "rr": 0.0005984194925722023,
        "apr": 0.21842311478885387
    },
    "8/23/2021": {
        "tvl": 14379.177567259041,
        "revenue": 10.009048039956294,
        "volume": 3363.310067357482,
        "rr": 0.0006960793128215204,
        "apr": 0.25406894917985495
    },
    "8/24/2021": {
        "tvl": 14299.003760965361,
        "revenue": 8.050116334633792,
        "volume": 2766.985038133608,
        "rr": 0.0005629844196985027,
        "apr": 0.2054893131899535
    },
    "8/25/2021": {
        "tvl": 15230.847588178905,
        "revenue": 14.17009338934564,
        "volume": 4767.912221651017,
        "rr": 0.0009303548806005684,
        "apr": 0.33957953141920744
    },
    "8/26/2021": {
        "tvl": 14617.03107567841,
        "revenue": 48.938485890603104,
        "volume": 16654.467878947467,
        "rr": 0.0033480455529736747,
        "apr": 1.2220366268353913
    },
    "8/27/2021": {
        "tvl": 16206.817595803888,
        "revenue": 31.713411544370143,
        "volume": 11301.645998109367,
        "rr": 0.0019567945006415738,
        "apr": 0.7142299927341744
    },
    "8/28/2021": {
        "tvl": 16719.781166821354,
        "revenue": 17.117945240651487,
        "volume": 5989.4173580654815,
        "rr": 0.0010238139524589142,
        "apr": 0.3736920926475037
    },
    "8/29/2021": {
        "tvl": 16648.967669492624,
        "revenue": 23.485998409812645,
        "volume": 7659.125908950333,
        "rr": 0.0014106579384407189,
        "apr": 0.5148901475308624
    },
    "8/30/2021": {
        "tvl": 16287.360358600567,
        "revenue": 7.555341349159108,
        "volume": 2478.9568786735954,
        "rr": 0.00046387758254329395,
        "apr": 0.1693153176283023
    },
    "8/31/2021": {
        "tvl": 15966.717011065975,
        "revenue": 2.503740965506644,
        "volume": 826.3985998548249,
        "rr": 0.00015681000444683703,
        "apr": 0.05723565162309552
    },
    "9/1/2021": {
        "tvl": 16318.27851886248,
        "revenue": 4.798036883180372,
        "volume": 1659.8211273687143,
        "rr": 0.0002940283730072549,
        "apr": 0.10732035614764802
    },
    "9/2/2021": {
        "tvl": 16067.89990777245,
        "revenue": 2.674711469419198,
        "volume": 884.1445075274019,
        "rr": 0.00016646304027107938,
        "apr": 0.06075900969894398
    },
    "9/3/2021": {
        "tvl": 16340.51188888161,
        "revenue": 2.188150647675447,
        "volume": 735.8941428445489,
        "rr": 0.00013390955329644879,
        "apr": 0.048876986953203805
    },
    "9/4/2021": {
        "tvl": 16448.191740341197,
        "revenue": 10.714128996033041,
        "volume": 3714.6058500799872,
        "rr": 0.0006513864359785723,
        "apr": 0.23775604913217885
    },
    "9/5/2021": {
        "tvl": 16511.902469737095,
        "revenue": 6.0173323198615964,
        "volume": 2074.0530105843995,
        "rr": 0.00036442392576446737,
        "apr": 0.13301473290403057
    },
    "9/6/2021": {
        "tvl": 16753.058800336334,
        "revenue": 3.8203712311436484,
        "volume": 1290.0823833331244,
        "rr": 0.0002280402209933717,
        "apr": 0.08323468066258068
    },
    "9/7/2021": {
        "tvl": 14872.357508176461,
        "revenue": 6.7024490025122505,
        "volume": 2119.2668651080317,
        "rr": 0.00045066486593180714,
        "apr": 0.16449267606510962
    },
    "9/8/2021": {
        "tvl": 14786.470774782018,
        "revenue": 3.0735344265807667,
        "volume": 1034.7009875301828,
        "rr": 0.00020786125867320606,
        "apr": 0.07586935941572022
    },
    "9/9/2021": {
        "tvl": 17558.94195483137,
        "revenue": 11.818521264002117,
        "volume": 4068.745949026189,
        "rr": 0.0006730770734594422,
        "apr": 0.2456731318126964
    },
    "9/10/2021": {
        "tvl": 18091.733175991863,
        "revenue": 9.00480043067576,
        "volume": 3112.614789100856,
        "rr": 0.0004977301148032258,
        "apr": 0.1816714919031774
    },
    "9/11/2021": {
        "tvl": 17454.40620168081,
        "revenue": 4.726131167006023,
        "volume": 1522.9017553278811,
        "rr": 0.0002707700916546167,
        "apr": 0.0988310834539351
    },
    "9/12/2021": {
        "tvl": 18980.424178563,
        "revenue": 6.262677247939846,
        "volume": 2107.165694940295,
        "rr": 0.0003299545462747393,
        "apr": 0.12043340939027983
    },
    "9/13/2021": {
        "tvl": 19609.971773166184,
        "revenue": 11.54198198128191,
        "volume": 3975.3013378224337,
        "rr": 0.0005885771848522333,
        "apr": 0.21483067247106516
    },
    "9/14/2021": {
        "tvl": 19281.19274216146,
        "revenue": 9.750757389197416,
        "volume": 3222.0012709425723,
        "rr": 0.0005057133922983821,
        "apr": 0.18458538818890946
    },
    "9/15/2021": {
        "tvl": 18339.072174191606,
        "revenue": 3.7951652974209,
        "volume": 1213.081604538452,
        "rr": 0.00020694423694791921,
        "apr": 0.07553464648599051
    },
    "9/16/2021": {
        "tvl": 18521.37541561133,
        "revenue": 3.6993569232237804,
        "volume": 1235.22573425678,
        "rr": 0.00019973446033093526,
        "apr": 0.07290307802079136
    },
    "9/17/2021": {
        "tvl": 17430.73332332724,
        "revenue": 4.608291211516407,
        "volume": 1472.4224328065911,
        "rr": 0.00026437735728245085,
        "apr": 0.09649773540809456
    },
    "9/18/2021": {
        "tvl": 18073.141865229245,
        "revenue": 2.589479201821421,
        "volume": 867.9874090737211,
        "rr": 0.00014327775552978406,
        "apr": 0.05229638076837118
    },
    "9/19/2021": {
        "tvl": 17349.977466065597,
        "revenue": 3.399264271746178,
        "volume": 1083.928907676177,
        "rr": 0.00019592326724312566,
        "apr": 0.07151199254374087
    },
    "9/20/2021": {
        "tvl": 16246.856276518429,
        "revenue": 6.492583094622272,
        "volume": 2103.1374622140893,
        "rr": 0.0003996208856728792,
        "apr": 0.1458616232706009
    },
    "9/21/2021": {
        "tvl": 15664.867018392746,
        "revenue": 5.763431469506731,
        "volume": 1890.9710446933386,
        "rr": 0.0003679208679358501,
        "apr": 0.13429111679658529
    },
    "9/22/2021": {
        "tvl": 17116.02414514466,
        "revenue": 4.160042957303633,
        "volume": 1437.438583496466,
        "rr": 0.00024304960790112704,
        "apr": 0.08871310688391137
    },
    "9/23/2021": {
        "tvl": 18018.03378702342,
        "revenue": 3.3129915557357053,
        "volume": 1113.715992105256,
        "rr": 0.00018387087042326007,
        "apr": 0.06711286770448993
    },
    "9/24/2021": {
        "tvl": 19475.39379935796,
        "revenue": 9.64294371608603,
        "volume": 3426.111766852947,
        "rr": 0.0004951347230988431,
        "apr": 0.18072417393107773
    },
    "9/25/2021": {
        "tvl": 18856.992635724488,
        "revenue": 5.081147172366334,
        "volume": 1688.357350397542,
        "rr": 0.0002694569208634108,
        "apr": 0.09835177611514495
    },
    "9/26/2021": {
        "tvl": 18160.134703228112,
        "revenue": 3.0221768730238043,
        "volume": 986.7614248753492,
        "rr": 0.00016641819691384712,
        "apr": 0.060742641873554194
    },
    "9/27/2021": {
        "tvl": 17543.617394449284,
        "revenue": 2.188154589818294,
        "volume": 709.1929902453592,
        "rr": 0.0001247265339080306,
        "apr": 0.04552518487643117
    },
    "9/28/2021": {
        "tvl": 16999.86872061444,
        "revenue": 3.0945878529360566,
        "volume": 1014.3539980387079,
        "rr": 0.00018203598532402117,
        "apr": 0.06644313464326773
    },
    "9/29/2021": {
        "tvl": 17295.882275721444,
        "revenue": 3.205768333694639,
        "volume": 1083.3791838395534,
        "rr": 0.00018534864441085126,
        "apr": 0.06765225520996072
    },
    "9/30/2021": {
        "tvl": 17992.702537844885,
        "revenue": 1.941086458368612,
        "volume": 662.8133573934174,
        "rr": 0.00010788187345874445,
        "apr": 0.039376883812441726
    },
    "10/1/2021": {
        "tvl": 18335.60657505866,
        "revenue": 3.1363396013377636,
        "volume": 1045.5406329640473,
        "rr": 0.0001710518595880011,
        "apr": 0.06243392874962039
    },
    "10/2/2021": {
        "tvl": 20276.193825204613,
        "revenue": 7.769587116559702,
        "volume": 2661.8845015617635,
        "rr": 0.000383187652650154,
        "apr": 0.1398634932173062
    },
    "10/3/2021": {
        "tvl": 20767.483475826713,
        "revenue": 10.573129021588457,
        "volume": 3539.7096623220114,
        "rr": 0.0005091194141984293,
        "apr": 0.1858285861824267
    },
    "10/4/2021": {
        "tvl": 20594.39189636316,
        "revenue": 5.1583738846888805,
        "volume": 1701.0845482962404,
        "rr": 0.0002504746879950273,
        "apr": 0.09142326111818495
    },
    "10/5/2021": {
        "tvl": 19823.58442812291,
        "revenue": 4.212437574266858,
        "volume": 1372.4107090543632,
        "rr": 0.00021249626118528012,
        "apr": 0.07756113533262723
    },
    "10/6/2021": {
        "tvl": 19729.137852784865,
        "revenue": 5.412085594543737,
        "volume": 1796.4310447803837,
        "rr": 0.0002743194170433451,
        "apr": 0.10012658722082096
    },
    "10/7/2021": {
        "tvl": 19758.79831391774,
        "revenue": 2.1393764979202925,
        "volume": 710.7121114091253,
        "rr": 0.00010827462601373659,
        "apr": 0.039520238495013855
    },
    "10/8/2021": {
        "tvl": 19311.41808738096,
        "revenue": 1.0404015099340573,
        "volume": 338.85427327109124,
        "rr": 0.00005387494099223647,
        "apr": 0.01966435346216631
    },
    "10/9/2021": {
        "tvl": 20073.246293556516,
        "revenue": 1.8321957288617787,
        "volume": 621.809571892639,
        "rr": 0.00009127550681475527,
        "apr": 0.03331555998738567
    },
    "10/10/2021": {
        "tvl": 19231.758326966858,
        "revenue": 2.4092155337219934,
        "volume": 786.9663176657173,
        "rr": 0.00012527276459915683,
        "apr": 0.045724559078692245
    },
    "10/11/2021": {
        "tvl": 18580.338293516783,
        "revenue": 1.679547224640554,
        "volume": 545.6017594397758,
        "rr": 0.00009039379144278533,
        "apr": 0.032993733876616645
    },
    "10/12/2021": {
        "tvl": 19202.83208236815,
        "revenue": 3.858745960387734,
        "volume": 1304.9883118934586,
        "rr": 0.00020094671160150363,
        "apr": 0.07334554973454883
    },
    "10/13/2021": {
        "tvl": 19185.126996048875,
        "revenue": 1.4885930943889087,
        "volume": 501.15218411311866,
        "rr": 0.0000775909950815275,
        "apr": 0.028320713204757538
    },
    "10/14/2021": {
        "tvl": 18917.700241126982,
        "revenue": 1.7457598621738288,
        "volume": 569.6227229890484,
        "rr": 0.00009228182283904447,
        "apr": 0.03368286533625123
    },
    "10/15/2021": {
        "tvl": 18870.332108236136,
        "revenue": 1.216474241805144,
        "volume": 406.36024081171246,
        "rr": 0.00006446490898134232,
        "apr": 0.023529691778189945
    },
    "10/16/2021": {
        "tvl": 18804.176469165053,
        "revenue": 1.3004531914515458,
        "volume": 433.3274572030152,
        "rr": 0.0000691576785393404,
        "apr": 0.025242552666859246
    },
    "10/17/2021": {
        "tvl": 18458.001877813636,
        "revenue": 1.0273966591657597,
        "volume": 337.0894535939856,
        "rr": 0.00005566131512862624,
        "apr": 0.02031638002194858
    },
    "10/18/2021": {
        "tvl": 18508.861664910044,
        "revenue": 0.6826608238300074,
        "volume": 229.89614500422613,
        "rr": 0.000036882917825477475,
        "apr": 0.013462265006299278
    },
    "10/19/2021": {
        "tvl": 18461.89491540513,
        "revenue": 0.9873611657908055,
        "volume": 326.99727671195814,
        "rr": 0.000053481030539661625,
        "apr": 0.019520576146976495
    },
    "10/20/2021": {
        "tvl": 18933.23615213378,
        "revenue": 0.8862833718783462,
        "volume": 295.9611240358113,
        "rr": 0.00004681098174431537,
        "apr": 0.01708600833667511
    },
    "10/21/2021": {
        "tvl": 18546.40766652275,
        "revenue": 1.215945650536061,
        "volume": 397.67019408020025,
        "rr": 0.00006556232734660025,
        "apr": 0.02393024948150909
    },
    "10/22/2021": {
        "tvl": 18585.61678950977,
        "revenue": 1.0041528334406777,
        "volume": 332.2343284542908,
        "rr": 0.000054028491215177155,
        "apr": 0.01972039929353966
    },
    "10/23/2021": {
        "tvl": 18544.762615604697,
        "revenue": 0.6149299256447572,
        "volume": 205.43135650278626,
        "rr": 0.00003315922335545657,
        "apr": 0.01210311652474165
    },
    "10/24/2021": {
        "tvl": 18359.413263122406,
        "revenue": 1.3527724373832437,
        "volume": 453.7015316304408,
        "rr": 0.00007368277068529674,
        "apr": 0.02689421130013331
    },
    "10/25/2021": {
        "tvl": 18609.94672038746,
        "revenue": 1.4107716569916764,
        "volume": 474.1325790591004,
        "rr": 0.00007580739903173157,
        "apr": 0.02766970064658202
    },
    "10/26/2021": {
        "tvl": 18737.18228783924,
        "revenue": 1.4854311086125576,
        "volume": 490.995924538437,
        "rr": 0.00007927718724157518,
        "apr": 0.02893617334317494
    },
    "10/27/2021": {
        "tvl": 17555.32996603005,
        "revenue": 3.238336428091352,
        "volume": 1041.069095279084,
        "rr": 0.00018446457197657942,
        "apr": 0.06732956877145149
    },
    "10/28/2021": {
        "tvl": 17889.965614899345,
        "revenue": 0.8952841438519026,
        "volume": 300.7229445131849,
        "rr": 0.000050043927591804916,
        "apr": 0.018266033571008793
    },
    "10/29/2021": {
        "tvl": 18569.804406790714,
        "revenue": 1.2660149699974097,
        "volume": 425.68364162301594,
        "rr": 0.00006817599917931531,
        "apr": 0.024884239700450093
    },
    "10/30/2021": {
        "tvl": 18086.154682154953,
        "revenue": 1.3240262441087458,
        "volume": 434.0491863289792,
        "rr": 0.00007320661950409622,
        "apr": 0.02672041611899512
    },
    "10/31/2021": {
        "tvl": 17747.069103968923,
        "revenue": 1.387812956438345,
        "volume": 455.55809577469705,
        "rr": 0.00007819955781475923,
        "apr": 0.02854283860238712
    },
    "11/1/2021": {
        "tvl": 17832.87101781076,
        "revenue": 1.0007479566541295,
        "volume": 335.11021155566254,
        "rr": 0.00005611816267019609,
        "apr": 0.020483129374621573
    },
    "11/2/2021": {
        "tvl": 17886.73950686637,
        "revenue": 1.1871461335187916,
        "volume": 398.1422057495079,
        "rr": 0.00006637018071756841,
        "apr": 0.024225115961912472
    },
    "11/3/2021": {
        "tvl": 18170.67868524488,
        "revenue": 2.5058844178944093,
        "volume": 848.3168076932709,
        "rr": 0.00013790813548033627,
        "apr": 0.05033646945032274
    },
    "11/4/2021": {
        "tvl": 18555.767004300622,
        "revenue": 1.6967178956642635,
        "volume": 578.7632764757969,
        "rr": 0.00009143884460669395,
        "apr": 0.03337517828144329
    },
    "11/5/2021": {
        "tvl": 18215.437181345453,
        "revenue": 1.1842639207227397,
        "volume": 388.3825618259982,
        "rr": 0.0000650143012727442,
        "apr": 0.023730219964551633
    },
    "11/6/2021": {
        "tvl": 18181.459676824015,
        "revenue": 1.0960068281572763,
        "volume": 363.33066588957126,
        "rr": 0.00006028156416694975,
        "apr": 0.022002770920936658
    },
    "11/7/2021": {
        "tvl": 18085.195068346748,
        "revenue": 0.5448942820985044,
        "volume": 180.78169015075326,
        "rr": 0.000030129300792126638,
        "apr": 0.010997194789126223
    },
    "11/8/2021": {
        "tvl": 18186.27434069644,
        "revenue": 0.9378179537216653,
        "volume": 309.77715042705336,
        "rr": 0.00005156734887821734,
        "apr": 0.01882208234054933
    },
    "11/9/2021": {
        "tvl": 18009.20909214467,
        "revenue": 0.5252551880631416,
        "volume": 173.0725340932609,
        "rr": 0.000029165922022208606,
        "apr": 0.01064556153810614
    },
    "11/10/2021": {
        "tvl": 17515.85358797081,
        "revenue": 2.788262754629985,
        "volume": 928.5508157097792,
        "rr": 0.00015918509141597603,
        "apr": 0.058102558366831245
    },
    "11/11/2021": {
        "tvl": 16471.25804738973,
        "revenue": 1.6066815669959313,
        "volume": 536.9931352179503,
        "rr": 0.00009754455685007916,
        "apr": 0.03560376325027889
    },
    "11/12/2021": {
        "tvl": 16170.853808381671,
        "revenue": 0.8837771936931768,
        "volume": 288.56651573574965,
        "rr": 0.000054652475630884604,
        "apr": 0.01994815360527288
    },
    "11/13/2021": {
        "tvl": 16504.82338046569,
        "revenue": 0.8197404791525073,
        "volume": 275.1226908183255,
        "rr": 0.00004966672228208831,
        "apr": 0.01812835363296223
    },
    "11/14/2021": {
        "tvl": 16333.521853028386,
        "revenue": 1.2859065533135596,
        "volume": 428.61978016010005,
        "rr": 0.00007872806397079273,
        "apr": 0.028735743349339343
    },
    "11/15/2021": {
        "tvl": 15774.07639631943,
        "revenue": 0.7836337593353211,
        "volume": 251.84846393594492,
        "rr": 0.000049678582735795966,
        "apr": 0.01813268269856553
    },
    "11/16/2021": {
        "tvl": 15219.609422778929,
        "revenue": 2.6207746928590434,
        "volume": 851.2983588470462,
        "rr": 0.0001721972371338633,
        "apr": 0.06285199155386009
    },
    "11/17/2021": {
        "tvl": 15420.586230412877,
        "revenue": 0.8560506655264332,
        "volume": 285.58566846005004,
        "rr": 0.00005551349687589101,
        "apr": 0.020262426359700218
    },
    "11/18/2021": {
        "tvl": 14640.309873082417,
        "revenue": 1.7028963453598451,
        "volume": 540.286180565655,
        "rr": 0.00011631559441858399,
        "apr": 0.042455191962783155
    },
    "11/19/2021": {
        "tvl": 15709.296549126233,
        "revenue": 1.9089724471196912,
        "volume": 641.91957894145,
        "rr": 0.00012151864605457907,
        "apr": 0.04435430580992136
    },
    "11/20/2021": {
        "tvl": 15865.43902809374,
        "revenue": 0.5242173139067587,
        "volume": 175.1965281818354,
        "rr": 0.00003304146282863654,
        "apr": 0.012060133932452338
    },
    "11/21/2021": {
        "tvl": 15107.836134432075,
        "revenue": 0.6266952615136502,
        "volume": 196.20391883683706,
        "rr": 0.000041481470671061694,
        "apr": 0.015140736794937519
    },
    "11/22/2021": {
        "tvl": 15278.857200526425,
        "revenue": 1.2408328371968225,
        "volume": 414.1717691584942,
        "rr": 0.00008121241143310576,
        "apr": 0.029642530173083603
    },
    "11/23/2021": {
        "tvl": 15050.81799016715,
        "revenue": 0.9086499627209758,
        "volume": 299.4672639238481,
        "rr": 0.00006037213148910617,
        "apr": 0.02203582799352375
    },
    "11/24/2021": {
        "tvl": 14954.226487627748,
        "revenue": 0.6083143073428606,
        "volume": 200.97975856186608,
        "rr": 0.00004067842010057453,
        "apr": 0.014847623336709703
    },
    "11/25/2021": {
        "tvl": 15256.713914604892,
        "revenue": 0.46720130726255255,
        "volume": 156.30267460240484,
        "rr": 0.00003062266946064393,
        "apr": 0.011177274353135036
    },
    "11/26/2021": {
        "tvl": 14653.825654642647,
        "revenue": 2.032617987802933,
        "volume": 662.724208222171,
        "rr": 0.00013870903310214802,
        "apr": 0.05062879708228403
    },
    "11/27/2021": {
        "tvl": 14341.735113010873,
        "revenue": 0.9244111642387535,
        "volume": 299.9477094093404,
        "rr": 0.00006445601992747198,
        "apr": 0.023526447273527273
    },
    "11/28/2021": {
        "tvl": 14580.778499842541,
        "revenue": 1.0522049008035714,
        "volume": 356.54657036845185,
        "rr": 0.00007216383547798455,
        "apr": 0.026339799949464355
    },
    "11/29/2021": {
        "tvl": 15646.040538631087,
        "revenue": 3.947086897511273,
        "volume": 1309.7722473281801,
        "rr": 0.0002522738508676147,
        "apr": 0.09207995556667936
    },
    "11/30/2021": {
        "tvl": 15723.294712549214,
        "revenue": 2.203163721034145,
        "volume": 726.7040092044566,
        "rr": 0.00014012099635044915,
        "apr": 0.051144163667913946
    },
    "12/1/2021": {
        "tvl": 15334.748447036669,
        "revenue": 0.7457362038997998,
        "volume": 242.86396428263535,
        "rr": 0.00004863048171122155,
        "apr": 0.017750125824595866
    },
    "12/2/2021": {
        "tvl": 15081.00163456772,
        "revenue": 0.5881279819115304,
        "volume": 191.57976125596898,
        "rr": 0.000038997939007145294,
        "apr": 0.01423424773760803
    },
    "12/3/2021": {
        "tvl": 14470.262776780204,
        "revenue": 2.438870005178157,
        "volume": 774.0450715823595,
        "rr": 0.0001685435878256271,
        "apr": 0.06151840955635389
    },
    "12/4/2021": {
        "tvl": 13721.574558878348,
        "revenue": 1.2507348568114522,
        "volume": 403.04585385592594,
        "rr": 0.00009115097188333844,
        "apr": 0.033270104737418524
    },
    "12/5/2021": {
        "tvl": 13434.6102414971,
        "revenue": 2.305814364993406,
        "volume": 760.5145495413726,
        "rr": 0.00017163239748267198,
        "apr": 0.06264582508117528
    },
    "12/6/2021": {
        "tvl": 13727.19187835355,
        "revenue": 2.8725003027286435,
        "volume": 972.7955655062394,
        "rr": 0.0002092562213877332,
        "apr": 0.07637852080652263
    },
    "12/7/2021": {
        "tvl": 15747.109679583575,
        "revenue": 8.289116175159059,
        "volume": 2818.4509858088936,
        "rr": 0.0005263896895254406,
        "apr": 0.19213223667678583
    },
    "12/8/2021": {
        "tvl": 15763.792324051414,
        "revenue": 5.52306782254146,
        "volume": 1818.7028850904233,
        "rr": 0.0003503641578755581,
        "apr": 0.1278829176245787
    },
    "12/9/2021": {
        "tvl": 14752.798661784278,
        "revenue": 2.270241097611241,
        "volume": 716.9422260789345,
        "rr": 0.0001538854524933011,
        "apr": 0.05616819016005491
    },
    "12/10/2021": {
        "tvl": 14281.52359657689,
        "revenue": 2.3312960614449514,
        "volume": 759.3574222429181,
        "rr": 0.00016323861006004535,
        "apr": 0.05958209267191655
    },
    "12/11/2021": {
        "tvl": 14255.444009393264,
        "revenue": 1.3543624141787136,
        "volume": 449.6581155532374,
        "rr": 0.0000950066804854546,
        "apr": 0.03467743837719093
    },
    "12/12/2021": {
        "tvl": 14095.600208754035,
        "revenue": 0.645718372649353,
        "volume": 209.92576947459926,
        "rr": 0.00004580992388308029,
        "apr": 0.016720622217324305
    },
    "12/13/2021": {
        "tvl": 14321.696672497077,
        "revenue": 2.613153070826458,
        "volume": 900.3696094111533,
        "rr": 0.00018246113785140225,
        "apr": 0.06659831531576182
    },
    "12/14/2021": {
        "tvl": 14255.778334065166,
        "revenue": 1.767282946424977,
        "volume": 589.4994992825086,
        "rr": 0.00012396958657823212,
        "apr": 0.045248899101054715
    },
    "12/15/2021": {
        "tvl": 14310.626666838927,
        "revenue": 1.5830703675884032,
        "volume": 534.7780413830383,
        "rr": 0.00011062201568410333,
        "apr": 0.04037703572469772
    },
    "12/16/2021": {
        "tvl": 14068.577302914558,
        "revenue": 1.109005188346895,
        "volume": 362.37921305116663,
        "rr": 0.00007882852433963914,
        "apr": 0.028772411383968285
    },
    "12/17/2021": {
        "tvl": 13815.286764109058,
        "revenue": 0.9042423199715264,
        "volume": 295.653143269037,
        "rr": 0.00006545230188928623,
        "apr": 0.023890090189589475
    },
    "12/18/2021": {
        "tvl": 14019.096900642799,
        "revenue": 0.2605803070377908,
        "volume": 87.63455015358743,
        "rr": 0.00001858752449495108,
        "apr": 0.006784446440657144
    },
    "12/19/2021": {
        "tvl": 13810.547345932815,
        "revenue": 0.2066096020218213,
        "volume": 68.08987959144729,
        "rr": 0.000014960276145946346,
        "apr": 0.005460500793270416
    },
    "12/20/2021": {
        "tvl": 13939.421700349056,
        "revenue": 0.8743595051478207,
        "volume": 297.2501883195864,
        "rr": 0.000062725665665594,
        "apr": 0.02289486796794181
    },
    "12/21/2021": {
        "tvl": 14008.536827632492,
        "revenue": 0.3062254355266945,
        "volume": 102.58424399439036,
        "rr": 0.000021859915799532364,
        "apr": 0.007978869266829313
    },
    "12/22/2021": {
        "tvl": 14494.364475006194,
        "revenue": 1.1573716250121546,
        "volume": 387.3383439391576,
        "rr": 0.00007984976692202712,
        "apr": 0.0291451649265399
    },
    "12/23/2021": {
        "tvl": 14808.508503821718,
        "revenue": 0.7707940014393219,
        "volume": 261.58003928483976,
        "rr": 0.00005205075185258519,
        "apr": 0.018998524426193597
    },
    "12/24/2021": {
        "tvl": 14361.266652470567,
        "revenue": 0.6903797220708379,
        "volume": 223.81420360892108,
        "rr": 0.000048072342000005406,
        "apr": 0.01754640483000197
    },
    "12/25/2021": {
        "tvl": 14373.879758708812,
        "revenue": 1.9762975483376604,
        "volume": 662.965334982686,
        "rr": 0.00013749228333013333,
        "apr": 0.05018468341549866
    },
    "12/26/2021": {
        "tvl": 15033.197439425125,
        "revenue": 1.4276607475274914,
        "volume": 478.3087870473866,
        "rr": 0.00009496720529881404,
        "apr": 0.03466302993406713
    },
    "12/27/2021": {
        "tvl": 14732.85480482359,
        "revenue": 1.805592589719092,
        "volume": 589.360536660142,
        "rr": 0.00012255551375745145,
        "apr": 0.04473276252146978
    },
    "12/28/2021": {
        "tvl": 14458.85482661224,
        "revenue": 0.5652828545890555,
        "volume": 183.15341758489973,
        "rr": 0.0000390959630875209,
        "apr": 0.014270026526945126
    },
    "12/29/2021": {
        "tvl": 14095.157342777056,
        "revenue": 1.0885214770437537,
        "volume": 355.66288562090455,
        "rr": 0.00007722662830731416,
        "apr": 0.028187719332169667
    },
    "12/30/2021": {
        "tvl": 14203.925629356,
        "revenue": 3.454107705217899,
        "volume": 1155.680747708987,
        "rr": 0.00024317979376624677,
        "apr": 0.08876062472468008
    },
    "12/31/2021": {
        "tvl": 14562.511412657483,
        "revenue": 2.188515483019362,
        "volume": 743.8396297845969,
        "rr": 0.0001502842072362012,
        "apr": 0.05485373564121343
    },
    "1/1/2022": {
        "tvl": 14744.965019258902,
        "revenue": 1.175634518671828,
        "volume": 396.74181137048436,
        "rr": 0.0000797312517958701,
        "apr": 0.029101906905492584
    },
    "1/2/2022": {
        "tvl": 14531.157212794158,
        "revenue": 0.7127324914158222,
        "volume": 235.10280358511162,
        "rr": 0.00004904857066636696,
        "apr": 0.01790272829322394
    },
    "1/3/2022": {
        "tvl": 14657.092958487225,
        "revenue": 1.6990855456663967,
        "volume": 560.3676958958148,
        "rr": 0.00011592241043149946,
        "apr": 0.042311679807497296
    },
    "1/4/2022": {
        "tvl": 15521.74018223426,
        "revenue": 3.3680641179296225,
        "volume": 1132.9443679182166,
        "rr": 0.00021699011054086657,
        "apr": 0.0792013903474163
    },
    "1/5/2022": {
        "tvl": 14116.060898874606,
        "revenue": 3.359794423380673,
        "volume": 1039.8252302656679,
        "rr": 0.0002380121797043629,
        "apr": 0.08687444559209245
    },
    "1/6/2022": {
        "tvl": 13731.10890900149,
        "revenue": 1.8357772557763214,
        "volume": 590.8721289347427,
        "rr": 0.0001336947560420899,
        "apr": 0.048798585955362815
    },
    "1/7/2022": {
        "tvl": 14201.165236156407,
        "revenue": 1.5912801774493819,
        "volume": 537.7055984271581,
        "rr": 0.0001120527894005455,
        "apr": 0.04089926813119911
    },
    "1/8/2022": {
        "tvl": 13769.641537365516,
        "revenue": 1.4581821046645878,
        "volume": 486.0661077605343,
        "rr": 0.00010589833444157873,
        "apr": 0.03865289207117624
    },
    "1/9/2022": {
        "tvl": 13866.239917061715,
        "revenue": 1.1158288860505376,
        "volume": 370.6426977552046,
        "rr": 0.00008047090579166786,
        "apr": 0.02937188061395877
    },
    "1/10/2022": {
        "tvl": 13674.715547783437,
        "revenue": 1.3398330598790464,
        "volume": 448.4607728577186,
        "rr": 0.00009797886143936814,
        "apr": 0.03576228442536937
    },
    "1/11/2022": {
        "tvl": 13919.554475823918,
        "revenue": 0.9939728411558078,
        "volume": 334.98323943963317,
        "rr": 0.00007140838041060744,
        "apr": 0.026064058849871716
    },
    "1/12/2022": {
        "tvl": 14075.973381971722,
        "revenue": 0.3158841878338658,
        "volume": 105.59671728274252,
        "rr": 0.000022441374337809215,
        "apr": 0.008191101633300365
    },
    "1/13/2022": {
        "tvl": 13806.905210030445,
        "revenue": 0.9085843384172657,
        "volume": 295.19181072633415,
        "rr": 0.00006580651671000081,
        "apr": 0.024019378599150296
    },
    "1/14/2022": {
        "tvl": 14061.16273158691,
        "revenue": 0.40667672577524155,
        "volume": 136.43517529297552,
        "rr": 0.00002892198415865606,
        "apr": 0.01055652421790946
    },
    "1/15/2022": {
        "tvl": 13989.23201916993,
        "revenue": 0.12435256344367988,
        "volume": 41.713645964521106,
        "rr": 0.000008889162984306448,
        "apr": 0.0032445444892718537
    },
    "1/16/2022": {
        "tvl": 13893.495932699812,
        "revenue": 0.24004997274911075,
        "volume": 79.77387815907832,
        "rr": 0.000017277866845890655,
        "apr": 0.006306421398750089
    },
    "1/17/2022": {
        "tvl": 13640.169533633461,
        "revenue": 0.26143373692936445,
        "volume": 85.08474061317891,
        "rr": 0.000019166458032998058,
        "apr": 0.006995757182044291
    },
    "1/18/2022": {
        "tvl": 13726.310928440624,
        "revenue": 0.9400213754192863,
        "volume": 315.3049740576776,
        "rr": 0.00006848317660294158,
        "apr": 0.024996359460073676
    },
    "1/19/2022": {
        "tvl": 13338.13144297828,
        "revenue": 3.7388773074480817,
        "volume": 1245.4428817069283,
        "rr": 0.0002803149244279171,
        "apr": 0.10231494741618975
    },
    "1/20/2022": {
        "tvl": 12765.345416839313,
        "revenue": 1.5255432328887715,
        "volume": 482.39412124848644,
        "rr": 0.00011950661600401053,
        "apr": 0.04361991484146384
    },
    "1/21/2022": {
        "tvl": 12406.643354118256,
        "revenue": 1.9350902005297674,
        "volume": 627.2089976308575,
        "rr": 0.00015597209860049974,
        "apr": 0.056929815989182404
    },
    "1/22/2022": {
        "tvl": 11670.492735378488,
        "revenue": 3.610368204688762,
        "volume": 1197.9315839573126,
        "rr": 0.00030935867803971295,
        "apr": 0.11291591748449521
    },
    "1/23/2022": {
        "tvl": 11698.446638164865,
        "revenue": 1.209927875954137,
        "volume": 403.3843671334032,
        "rr": 0.00010342637047271588,
        "apr": 0.0377506252225413
    },
    "1/24/2022": {
        "tvl": 11631.703062543764,
        "revenue": 3.1251429914539917,
        "volume": 1093.6772475162236,
        "rr": 0.0002686745848522845,
        "apr": 0.09806622347108383
    },
    "1/25/2022": {
        "tvl": 11745.427574587533,
        "revenue": 0.9718750038779425,
        "volume": 326.7926641603198,
        "rr": 0.00008274496587767449,
        "apr": 0.03020191254535119
    },
    "1/26/2022": {
        "tvl": 11424.61335295969,
        "revenue": 2.45316662642178,
        "volume": 794.6296405869613,
        "rr": 0.00021472644636908052,
        "apr": 0.07837515292471439
    },
    "1/27/2022": {
        "tvl": 11693.023897482226,
        "revenue": 1.6400546488023422,
        "volume": 551.8379537317799,
        "rr": 0.00014025924031126655,
        "apr": 0.05119462271361229
    },
    "1/28/2022": {
        "tvl": 11958.208434981903,
        "revenue": 0.7042787292187894,
        "volume": 239.05899806709286,
        "rr": 0.00005889500363269552,
        "apr": 0.021496676325933866
    },
    "1/29/2022": {
        "tvl": 12637.20503837491,
        "revenue": 1.1617544947655394,
        "volume": 389.2799925273124,
        "rr": 0.00009193128474513823,
        "apr": 0.03355491893197545
    },
    "1/30/2022": {
        "tvl": 12123.926143682866,
        "revenue": 0.8079017433483541,
        "volume": 259.752358235333,
        "rr": 0.00006663697335118697,
        "apr": 0.024322495273183243
    },
    "1/31/2022": {
        "tvl": 12791.555942818777,
        "revenue": 1.2745593988120925,
        "volume": 431.11250877726286,
        "rr": 0.00009964068519183035,
        "apr": 0.03636885009501808
    },
    "2/1/2022": {
        "tvl": 13178.309620466796,
        "revenue": 0.969504471379899,
        "volume": 325.30007321211764,
        "rr": 0.00007356819647598762,
        "apr": 0.026852391713735477
    },
    "2/2/2022": {
        "tvl": 13210.201884558537,
        "revenue": 1.8650045370663746,
        "volume": 626.1029058707234,
        "rr": 0.00014117910940077204,
        "apr": 0.0515303749312818
    },
    "2/3/2022": {
        "tvl": 13128.530511478952,
        "revenue": 2.0301671531664267,
        "volume": 683.4984749185875,
        "rr": 0.0001546378059137195,
        "apr": 0.05644279915850761
    },
    "2/4/2022": {
        "tvl": 13499.9773068782,
        "revenue": 0.7503892083535589,
        "volume": 251.24615590956498,
        "rr": 0.00005558447923991974,
        "apr": 0.020288334922570705
    },
    "2/5/2022": {
        "tvl": 13531.03047387529,
        "revenue": 0.7546567204092156,
        "volume": 253.05947934342686,
        "rr": 0.00005577230218099433,
        "apr": 0.020356890296062934
    },
    "2/6/2022": {
        "tvl": 13485.99800513911,
        "revenue": 0.18831966564360092,
        "volume": 63.17936463572587,
        "rr": 0.000013964088202581517,
        "apr": 0.005096892193942253
    },
    "2/7/2022": {
        "tvl": 14015.68861554255,
        "revenue": 1.0319207461099336,
        "volume": 348.2777495474971,
        "rr": 0.00007362611816058726,
        "apr": 0.026873533128614353
    },
    "2/8/2022": {
        "tvl": 14264.14444214036,
        "revenue": 1.28748255963265,
        "volume": 435.06898069702584,
        "rr": 0.00009026006185334598,
        "apr": 0.03294492257647128
    },
    "2/9/2022": {
        "tvl": 14414.586540900773,
        "revenue": 0.5301552868613272,
        "volume": 177.52586666829828,
        "rr": 0.000036779083836850556,
        "apr": 0.013424365600450454
    },
    "2/10/2022": {
        "tvl": 13871.005159644405,
        "revenue": 1.1698994235590832,
        "volume": 378.80225913647786,
        "rr": 0.00008434135883409004,
        "apr": 0.030784595974442865
    },
    "2/11/2022": {
        "tvl": 14219.85641762077,
        "revenue": 2.3315686463502057,
        "volume": 789.155676647679,
        "rr": 0.0001639656954243929,
        "apr": 0.05984747882990341
    },
    "2/12/2022": {
        "tvl": 13681.465044506114,
        "revenue": 0.9260966418089651,
        "volume": 301.3980326229493,
        "rr": 0.00006768987376690668,
        "apr": 0.024706803924920938
    },
    "2/13/2022": {
        "tvl": 13225.875509700096,
        "revenue": 0.7266950021021713,
        "volume": 233.20766048339559,
        "rr": 0.00005494494497314753,
        "apr": 0.02005490491519885
    },
    "2/14/2022": {
        "tvl": 13668.63788939667,
        "revenue": 0.5288196585063285,
        "volume": 177.5517276107384,
        "rr": 0.00003868854108107991,
        "apr": 0.014121317494594167
    },
    "2/15/2022": {
        "tvl": 13744.299708613602,
        "revenue": 0.43643703402263195,
        "volume": 145.76910458898115,
        "rr": 0.00003175403936725239,
        "apr": 0.011590224369047124
    },
    "2/16/2022": {
        "tvl": 13506.329978273727,
        "revenue": 0.39399688348725137,
        "volume": 128.49814566778744,
        "rr": 0.000029171276292007857,
        "apr": 0.010647515846582868
    },
    "2/17/2022": {
        "tvl": 13064.561189821736,
        "revenue": 0.765185,
        "volume": 245.57118622586984,
        "rr": 0.000058569514037420256,
        "apr": 0.021377872623658395
    },
    "2/18/2022": {
        "tvl": 12957.086810823825,
        "revenue": 1.0338551907303606,
        "volume": 343.2488252388215,
        "rr": 0.00007979071266750485,
        "apr": 0.02912361012363927
    },
    "2/19/2022": {
        "tvl": 12920.309099308857,
        "revenue": 0.6023018641873235,
        "volume": 201.81471411834275,
        "rr": 0.0000466166760839756,
        "apr": 0.01701508677065109
    },
    "2/20/2022": {
        "tvl": 12518.949306418774,
        "revenue": 1.5243997926026862,
        "volume": 508.1864279810714,
        "rr": 0.00012176739080020788,
        "apr": 0.04444509764207588
    },
    "2/21/2022": {
        "tvl": 11607.569349583553,
        "revenue": 2.5300332206230975,
        "volume": 793.4286131568765,
        "rr": 0.00021796408398920038,
        "apr": 0.07955689065605814
    },
    "2/22/2022": {
        "tvl": 11937.83530389763,
        "revenue": 0.7273448866833275,
        "volume": 244.61285644514632,
        "rr": 0.00006092770323660387,
        "apr": 0.022238611681360414
    },
    "2/23/2022": {
        "tvl": 11277.209743531896,
        "revenue": 2.3357963739431944,
        "volume": 738.0867392356504,
        "rr": 0.00020712538181555973,
        "apr": 0.0756007643626793
    },
    "2/24/2022": {
        "tvl": 11922.33748630066,
        "revenue": 3.31621775344555,
        "volume": 1146.7893908468823,
        "rr": 0.0002781516424322029,
        "apr": 0.10152534948775406
    },
    "2/25/2022": {
        "tvl": 12589.078469371201,
        "revenue": 1.606165657218971,
        "volume": 549.558322747455,
        "rr": 0.00012758405320347453,
        "apr": 0.046568179419268205
    },
    "2/26/2022": {
        "tvl": 12440.895775113822,
        "revenue": 1.039222067145391,
        "volume": 344.18810050658476,
        "rr": 0.00008353273638255224,
        "apr": 0.03048944877963157
    },
    "2/27/2022": {
        "tvl": 12041.009637945055,
        "revenue": 1.067780433368593,
        "volume": 347.61006764949093,
        "rr": 0.0000886786461829311,
        "apr": 0.03236770585676985
    },
    "2/28/2022": {
        "tvl": 12755.352457520481,
        "revenue": 1.3262744359555265,
        "volume": 445.09345939390494,
        "rr": 0.00010397787441565857,
        "apr": 0.037951924161715375
    },
    "3/1/2022": {
        "tvl": 12779.649410136295,
        "revenue": 0.8306644402855362,
        "volume": 277.01380400645877,
        "rr": 0.00006499900064759892,
        "apr": 0.023724635236373606
    },
    "3/2/2022": {
        "tvl": 12680.749657359242,
        "revenue": 1.2686750823744255,
        "volume": 421.3208315464647,
        "rr": 0.00010004732501269379,
        "apr": 0.03651727362963324
    },
    "3/3/2022": {
        "tvl": 12326.882365072477,
        "revenue": 1.0245259523093562,
        "volume": 332.541831873329,
        "rr": 0.00008311314426203112,
        "apr": 0.03033629765564136
    },
    "3/4/2022": {
        "tvl": 11894.580503518437,
        "revenue": 0.8534025055686694,
        "volume": 274.4950640269558,
        "rr": 0.00007174717135389782,
        "apr": 0.0261877175441727
    },
    "3/5/2022": {
        "tvl": 11985.316878086314,
        "revenue": 0.449093938760562,
        "volume": 149.79640429158223,
        "rr": 0.000037470343365028195,
        "apr": 0.013676675328235292
    },
    "3/6/2022": {
        "tvl": 11620.088481374425,
        "revenue": 0.7445972753690574,
        "volume": 242.71328563222713,
        "rr": 0.00006407845143025851,
        "apr": 0.023388634772044354
    },
    "3/7/2022": {
        "tvl": 11800.17982865831,
        "revenue": 1.062493978068826,
        "volume": 356.52940951127454,
        "rr": 0.00009004049035663149,
        "apr": 0.03286477898017049
    },
    "3/8/2022": {
        "tvl": 12022.899681869992,
        "revenue": 1.5607345224347295,
        "volume": 533.4908098614269,
        "rr": 0.00012981348624144714,
        "apr": 0.04738192247812821
    },
    "3/9/2022": {
        "tvl": 11945.316320749242,
        "revenue": 1.1260183212650279,
        "volume": 373.02818792866594,
        "rr": 0.00009426442055026309,
        "apr": 0.03440651350084603
    },
    "3/10/2022": {
        "tvl": 11824.51662189835,
        "revenue": 1.056762915026768,
        "volume": 351.0069224219526,
        "rr": 0.00008937049596342073,
        "apr": 0.032620231026648565
    },
    "3/11/2022": {
        "tvl": 11868.92163514382,
        "revenue": 0.29653956423843103,
        "volume": 99.06191123447104,
        "rr": 0.000024984541422902212,
        "apr": 0.009119357619359307
    },
    "3/12/2022": {
        "tvl": 11960.223833394364,
        "revenue": 0.4760789129664543,
        "volume": 159.63220842828343,
        "rr": 0.00003980518421713693,
        "apr": 0.01452889223925498
    },
    "3/13/2022": {
        "tvl": 11631.09568593741,
        "revenue": 0.560562183999754,
        "volume": 182.26814604006233,
        "rr": 0.000048195131321763815,
        "apr": 0.017591222932443792
    },
    "3/14/2022": {
        "tvl": 11703.95970566581,
        "revenue": 0.4216074812751337,
        "volume": 140.47412571761248,
        "rr": 0.0000360226360887962,
        "apr": 0.013148262172410613
    },
    "3/15/2022": {
        "tvl": 11761.667478968273,
        "revenue": 0.7010127012961576,
        "volume": 233.81793375461808,
        "rr": 0.000059601472542025136,
        "apr": 0.021754537477839175
    },
    "3/16/2022": {
        "tvl": 12027.420576002894,
        "revenue": 0.5294043000646427,
        "volume": 178.6984850444688,
        "rr": 0.00004401644531504202,
        "apr": 0.01606600253999034
    },
    "3/17/2022": {
        "tvl": 11878.28467722121,
        "revenue": 0.635805157090714,
        "volume": 210.4567932813295,
        "rr": 0.00005352668119749537,
        "apr": 0.01953723863708581
    },
    "3/18/2022": {
        "tvl": 12179.822036585056,
        "revenue": 0.686113460443429,
        "volume": 231.6881892382311,
        "rr": 0.00005633197746096129,
        "apr": 0.020561171773250873
    },
    "3/19/2022": {
        "tvl": 12500.037513454128,
        "revenue": 0.4355943823069606,
        "volume": 146.14005023115772,
        "rr": 0.000034847446004711475,
        "apr": 0.012719317791719689
    },
    "3/20/2022": {
        "tvl": 12245.040911239996,
        "revenue": 0.789535763570418,
        "volume": 259.909764971259,
        "rr": 0.00006447800128178302,
        "apr": 0.023534470467850805
    },
    "3/21/2022": {
        "tvl": 12343.626039226932,
        "revenue": 0.19635890893782407,
        "volume": 65.59944825304844,
        "rr": 0.00001590771693129824,
        "apr": 0.005806316679923856
    },
    "3/22/2022": {
        "tvl": 12599.765344727753,
        "revenue": 0.5309233140799664,
        "volume": 178.10307877195646,
        "rr": 0.00004213755570472795,
        "apr": 0.0153802078322257
    },
    "3/23/2022": {
        "tvl": 12727.599929922264,
        "revenue": 0.7309081067622576,
        "volume": 244.75720899095046,
        "rr": 0.00005742701772420668,
        "apr": 0.02096086146933544
    },
    "3/24/2022": {
        "tvl": 12804.91917626346,
        "revenue": 0.5592897020333588,
        "volume": 187.64834627021136,
        "rr": 0.00004367772215775612,
        "apr": 0.015942368587580986
    },
    "3/25/2022": {
        "tvl": 12838.664755694537,
        "revenue": 0.1930585681782033,
        "volume": 64.57218806870203,
        "rr": 0.000015037277773965782,
        "apr": 0.0054886063874975115
    },
    "3/26/2022": {
        "tvl": 13070.159590184825,
        "revenue": 0.6133152965371327,
        "volume": 204.8208220193458,
        "rr": 0.00004692485139949694,
        "apr": 0.017127570760816384
    },
    "3/27/2022": {
        "tvl": 13386.060716058306,
        "revenue": 0.4242845846956565,
        "volume": 141.88581704389426,
        "rr": 0.000031696000316707993,
        "apr": 0.011569040115598419
    },
    "3/28/2022": {
        "tvl": 13290.116819874305,
        "revenue": 0.6076169622545723,
        "volume": 200.40315239239817,
        "rr": 0.00004571945984296615,
        "apr": 0.016687602842682645
    },
    "3/29/2022": {
        "tvl": 13134.071426766975,
        "revenue": 0.8218353271804884,
        "volume": 269.36582367162686,
        "rr": 0.00006257277735718753,
        "apr": 0.02283906373537345
    },
    "3/30/2022": {
        "tvl": 13428.205965633853,
        "revenue": 0.44505972750816186,
        "volume": 149.2084783820836,
        "rr": 0.000033143647680649324,
        "apr": 0.012097431403437003
    },
    "3/31/2022": {
        "tvl": 12932.758233683582,
        "revenue": 1.0798255904906735,
        "volume": 347.0697786837569,
        "rr": 0.00008349538211255275,
        "apr": 0.030475814471081754
    },
    "4/1/2022": {
        "tvl": 13691.366551619145,
        "revenue": 0.9455818247246349,
        "volume": 317.18253442942455,
        "rr": 0.00006906409386963715,
        "apr": 0.025208394262417562
    },
    "4/2/2022": {
        "tvl": 13510.527202796384,
        "revenue": 0.38929545505373214,
        "volume": 128.7940857307246,
        "rr": 0.00002881423124429641,
        "apr": 0.010517194404168189
    },
    "4/3/2022": {
        "tvl": 13706.409466363728,
        "revenue": 0.0704566873071573,
        "volume": 23.56671133320966,
        "rr": 0.000005140418975521039,
        "apr": 0.001876252926065179
    },
    "4/4/2022": {
        "tvl": 13507.883165415333,
        "revenue": 0.6105944762139563,
        "volume": 204.43602156769168,
        "rr": 0.00004520282480509463,
        "apr": 0.01649903105385954
    },
    "4/5/2022": {
        "tvl": 13003.06682155554,
        "revenue": 0.766585,
        "volume": 249.91146889568776,
        "rr": 0.00005895416908334356,
        "apr": 0.0215182717154204
    },
    "4/6/2022": {
        "tvl": 12347.48693420031,
        "revenue": 0.774378,
        "volume": 246.21117086060303,
        "rr": 0.00006271543384711853,
        "apr": 0.022891133354198265
    },
    "4/7/2022": {
        "tvl": 12616.053251583557,
        "revenue": 0.4021246628347556,
        "volume": 134.62918753446084,
        "rr": 0.00003187404609157632,
        "apr": 0.011634026823425358
    },
    "4/8/2022": {
        "tvl": 12088.892644084011,
        "revenue": 0.776506,
        "volume": 245.97363058715118,
        "rr": 0.0000642330131354092,
        "apr": 0.02344504979442436
    },
    "4/9/2022": {
        "tvl": 12298.380833082196,
        "revenue": 0.5572299712686026,
        "volume": 188.02520985401353,
        "rr": 0.00004530921418286823,
        "apr": 0.016537863176746905
    },
    "4/10/2022": {
        "tvl": 12029.6447516302,
        "revenue": 0.4093402068531701,
        "volume": 133.38371078397677,
        "rr": 0.00003402762220369793,
        "apr": 0.012420082104349745
    },
    "4/11/2022": {
        "tvl": 11931.940508862099,
        "revenue": 0.5718474551520445,
        "volume": 190.4677870427934,
        "rr": 0.00004792577156476112,
        "apr": 0.017492906621137807
    },
    "4/12/2022": {
        "tvl": 11946.021498863109,
        "revenue": 0.5934178259678817,
        "volume": 196.9688807633336,
        "rr": 0.0000496749337027693,
        "apr": 0.018131350801510796
    },
    "4/13/2022": {
        "tvl": 12316.426707562381,
        "revenue": 0.37941630547893296,
        "volume": 127.03865999881265,
        "rr": 0.000030805712930193336,
        "apr": 0.011244085219520566
    },
    "4/14/2022": {
        "tvl": 12253.616889144021,
        "revenue": 0.5629389901793282,
        "volume": 189.6279321055747,
        "rr": 0.00004594063901884013,
        "apr": 0.016768333241876647
    },
    "4/15/2022": {
        "tvl": 12280.23154986606,
        "revenue": 0.14727341316040837,
        "volume": 49.57113106132102,
        "rr": 0.000011992722821420634,
        "apr": 0.004377343829818531
    },
    "4/16/2022": {
        "tvl": 12180.732900691512,
        "revenue": 0.1424723010419006,
        "volume": 47.383521241446886,
        "rr": 0.000011696529445597835,
        "apr": 0.00426923324764321
    },
    "4/18/2022": {
        "tvl": 12165.175821567565,
        "revenue": 1.0685898932051858,
        "volume": 366.7532105626345,
        "rr": 0.00008784006979255403,
        "apr": 0.03206162547428223
    },
    "4/19/2022": {
        "tvl": 12297.656935066445,
        "revenue": 0.1266030561733275,
        "volume": 42.354969758088345,
        "rr": 0.000010294892502027946,
        "apr": 0.0037576357632402
    },
    "4/20/2022": {
        "tvl": 12164.201553163273,
        "revenue": 0.21661757694198475,
        "volume": 71.72537444768145,
        "rr": 0.000017807792479865138,
        "apr": 0.006499844255150775
    },
    "4/21/2022": {
        "tvl": 11956.43207328526,
        "revenue": 0.332386,
        "volume": 108.89242089443515,
        "rr": 0.00002779976484311432,
        "apr": 0.010146914167736727
    },
    "4/24/2022": {
        "tvl": 11649.94328373733,
        "revenue": 0.6775984673496606,
        "volume": 222.91761398597643,
        "rr": 0.00005816324172973015,
        "apr": 0.021229583231351504
    },
    "4/25/2022": {
        "tvl": 11719.446908333979,
        "revenue": 0.3241932559912344,
        "volume": 109.43589039046297,
        "rr": 0.000027662846081984707,
        "apr": 0.010096938819924418
    },
    "4/26/2022": {
        "tvl": 11297.844848388628,
        "revenue": 0.462527,
        "volume": 147.42471360327627,
        "rr": 0.00004093940093946047,
        "apr": 0.014942881342903072
    },
    "4/27/2022": {
        "tvl": 11509.680396047694,
        "revenue": 0.07162271760485757,
        "volume": 23.973505029421293,
        "rr": 0.000006222824191491197,
        "apr": 0.0022713308298942868
    },
    "4/29/2022": {
        "tvl": 11184.970324363067,
        "revenue": 0.387383,
        "volume": 126.30358912081533,
        "rr": 0.00003463424477364983,
        "apr": 0.012641499342382187
    },
    "4/30/2022": {
        "tvl": 10924.221535764887,
        "revenue": 0.6461234244185005,
        "volume": 213.11013253164694,
        "rr": 0.00005914594667484107,
        "apr": 0.02158827053631699
    },
    "5/1/2022": {
        "tvl": 11000.758085005948,
        "revenue": 0.09514992112157103,
        "volume": 31.89951056462317,
        "rr": 0.000008649396740326518,
        "apr": 0.0031570298102191786
    },
    "5/2/2022": {
        "tvl": 10854.928071068969,
        "revenue": 0.6868147414158108,
        "volume": 230.37880424166673,
        "rr": 0.00006327215960521559,
        "apr": 0.02309433825590369
    },
    "5/3/2022": {
        "tvl": 10890.970532271449,
        "revenue": 0.5429713046325275,
        "volume": 182.74395073373546,
        "rr": 0.000049855180768658644,
        "apr": 0.018197140980560404
    },
    "5/4/2022": {
        "tvl": 11474.609054517185,
        "revenue": 0.9771520482029128,
        "volume": 328.11055837328587,
        "rr": 0.00008515776385586221,
        "apr": 0.031082583807389704
    },
    "5/5/2022": {
        "tvl": 10698.239663501565,
        "revenue": 1.358148869897359,
        "volume": 423.74502608227397,
        "rr": 0.00012695068652564031,
        "apr": 0.04633700058185872
    },
    "5/6/2022": {
        "tvl": 10930.686963157159,
        "revenue": 0.3287679803849572,
        "volume": 110.74636599487883,
        "rr": 0.000030077522253916755,
        "apr": 0.010978295622679615
    },
    "5/7/2022": {
        "tvl": 11052.975755530957,
        "revenue": 1.048320362500449,
        "volume": 354.2595579184913,
        "rr": 0.00009484507934217307,
        "apr": 0.03461845395989317
    },
    "5/8/2022": {
        "tvl": 11129.012277218211,
        "revenue": 0.589493171555683,
        "volume": 199.12276495180046,
        "rr": 0.000052969046746620335,
        "apr": 0.01933370206251642
    },
    "5/9/2022": {
        "tvl": 9963.113099265418,
        "revenue": 2.793993601469667,
        "volume": 878.5163841221488,
        "rr": 0.00028043379349730244,
        "apr": 0.10235833462651539
    },
    "5/10/2022": {
        "tvl": 9952.589660615618,
        "revenue": 1.977123959521077,
        "volume": 653.3505349429554,
        "rr": 0.0001986542223623416,
        "apr": 0.07250879116225468
    },
    "5/11/2022": {
        "tvl": 8965.371071650994,
        "revenue": 4.936624340854075,
        "volume": 1544.7358484538734,
        "rr": 0.0005506324614341907,
        "apr": 0.2009808484234796
    },
    "5/12/2022": {
        "tvl": 9314.366126139008,
        "revenue": 5.043355702765636,
        "volume": 1787.5976009814292,
        "rr": 0.0005414598947976085,
        "apr": 0.19763286160112714
    },
    "5/13/2022": {
        "tvl": 9341.719833373123,
        "revenue": 0.9199093337892268,
        "volume": 307.955230014673,
        "rr": 0.00009847323086086007,
        "apr": 0.03594272926421392
    },
    "5/14/2022": {
        "tvl": 9188.38819345338,
        "revenue": 0.9852950695579755,
        "volume": 332.548731514253,
        "rr": 0.000107232634147955,
        "apr": 0.03913991146400358
    },
    "5/15/2022": {
        "tvl": 9355.454935990414,
        "revenue": 0.582534002699156,
        "volume": 194.5736866153887,
        "rr": 0.00006226677448449343,
        "apr": 0.0227273726868401
    },
    "5/16/2022": {
        "tvl": 9280.425629602805,
        "revenue": 0.889698662082909,
        "volume": 298.94890009836223,
        "rr": 0.00009586830363091735,
        "apr": 0.03499193082528483
    },
    "5/17/2022": {
        "tvl": 9278.57220450695,
        "revenue": 0.8538361210597387,
        "volume": 286.63945523221406,
        "rr": 0.00009202236100991902,
        "apr": 0.033588161768620436
    },
    "5/18/2022": {
        "tvl": 8888.360758033748,
        "revenue": 0.7334035885331605,
        "volume": 236.68695480404472,
        "rr": 0.00008251280618535576,
        "apr": 0.03011717425765485
    },
    "5/19/2022": {
        "tvl": 9156.675299381272,
        "revenue": 0.375119792995479,
        "volume": 125.96570995936652,
        "rr": 0.0000409668117226813,
        "apr": 0.014952886278778674
    },
    "5/20/2022": {
        "tvl": 9072.757507290557,
        "revenue": 0.41539256282236625,
        "volume": 139.9241925387258,
        "rr": 0.000045784598837626934,
        "apr": 0.01671137857573383
    },
    "5/21/2022": {
        "tvl": 9247.742471441852,
        "revenue": 0.5523654967345889,
        "volume": 184.86648345272295,
        "rr": 0.000059729766312195696,
        "apr": 0.02180136470395143
    },
    "5/22/2022": {
        "tvl": 9613.626173719707,
        "revenue": 0.5754286667804531,
        "volume": 192.9712511575907,
        "rr": 0.0000598555276003423,
        "apr": 0.02184726757412494
    },
    "5/23/2022": {
        "tvl": 9688.680146933462,
        "revenue": 0.9068696721638936,
        "volume": 305.1189424408277,
        "rr": 0.00009360095063628707,
        "apr": 0.034164346982244784
    },
    "5/24/2022": {
        "tvl": 9984.669008087223,
        "revenue": 1.1745353501488525,
        "volume": 398.65136440651486,
        "rr": 0.00011763387942029135,
        "apr": 0.04293636598840634
    },
    "5/25/2022": {
        "tvl": 10153.430185814455,
        "revenue": 0.9302062078846233,
        "volume": 315.02345268951467,
        "rr": 0.00009161497059232569,
        "apr": 0.03343946426619888
    },
    "5/26/2022": {
        "tvl": 9335.910536084391,
        "revenue": 1.8246188377505341,
        "volume": 578.4730775274979,
        "rr": 0.00019544090859677457,
        "apr": 0.07133593163782272
    },
    "5/27/2022": {
        "tvl": 9349.63223801373,
        "revenue": 0.5515528456420234,
        "volume": 185.58834187411023,
        "rr": 0.00005899192947927087,
        "apr": 0.021532054259933868
    },
    "5/28/2022": {
        "tvl": 9661.652160732261,
        "revenue": 0.6443748792264599,
        "volume": 216.11477234122066,
        "rr": 0.00006669406727820165,
        "apr": 0.024343334556543608
    },
    "5/29/2022": {
        "tvl": 9914.680847370077,
        "revenue": 0.3250731826564989,
        "volume": 108.93609034175516,
        "rr": 0.00003278705463754049,
        "apr": 0.011967274942702277
    },
    "5/30/2022": {
        "tvl": 10056.204447994629,
        "revenue": 0.6974968227523292,
        "volume": 233.50280068773392,
        "rr": 0.0000693598490722234,
        "apr": 0.025316344911361546
    },
    "5/31/2022": {
        "tvl": 9953.524540315588,
        "revenue": 0.8179390805380834,
        "volume": 272.9351609782943,
        "rr": 0.00008217582397321841,
        "apr": 0.02999417575022472
    },
    "6/1/2022": {
        "tvl": 9444.318131675753,
        "revenue": 1.1031903394375608,
        "volume": 355.86945926921163,
        "rr": 0.00011680995113215402,
        "apr": 0.042635632163236216
    },
    "6/2/2022": {
        "tvl": 9716.621247352905,
        "revenue": 0.22220601347311283,
        "volume": 74.34224766950757,
        "rr": 0.000022868650307188655,
        "apr": 0.00834705736212386
    },
    "6/3/2022": {
        "tvl": 9359.720091903011,
        "revenue": 0.4775028838216648,
        "volume": 154.8743569489735,
        "rr": 0.00005101679100796478,
        "apr": 0.018621128717907144
    },
    "6/4/2022": {
        "tvl": 9483.129501226422,
        "revenue": 0.15860790331206018,
        "volume": 53.12323647755089,
        "rr": 0.00001672527020658612,
        "apr": 0.006104723625403934
    },
    "6/5/2022": {
        "tvl": 9893.710183889387,
        "revenue": 0.5965506026931141,
        "volume": 200.3178764033186,
        "rr": 0.000060295944757358945,
        "apr": 0.022008019836436018
    },
    "6/6/2022": {
        "tvl": 9986.157037586034,
        "revenue": 1.0877305184960366,
        "volume": 367.5571127443438,
        "rr": 0.00010892383470458373,
        "apr": 0.03975719966717306
    },
    "6/7/2022": {
        "tvl": 9826.235130922585,
        "revenue": 0.9546592675610109,
        "volume": 314.9367068048019,
        "rr": 0.00009715412412193906,
        "apr": 0.035461255304507756
    },
    "6/8/2022": {
        "tvl": 10037.656374235561,
        "revenue": 0.24953151811112764,
        "volume": 83.95499724603684,
        "rr": 0.000024859539797718094,
        "apr": 0.009073732026167104
    },
    "6/9/2022": {
        "tvl": 10385.35805859573,
        "revenue": 1.1107692540066607,
        "volume": 375.3902191637426,
        "rr": 0.00010695531610364668,
        "apr": 0.03903869037783104
    },
    "6/10/2022": {
        "tvl": 9715.480146025278,
        "revenue": 1.0703384926018478,
        "volume": 336.31566643289835,
        "rr": 0.00011016835776662426,
        "apr": 0.04021145058481786
    },
    "6/11/2022": {
        "tvl": 8959.957753444423,
        "revenue": 1.4988780198604095,
        "volume": 461.251894487307,
        "rr": 0.00016728628204571664,
        "apr": 0.06105949294668658
    },
    "6/12/2022": {
        "tvl": 8588.209316507808,
        "revenue": 1.5684273506278184,
        "volume": 503.7493130567844,
        "rr": 0.00018262565487465112,
        "apr": 0.06665836402924767
    },
    "6/13/2022": {
        "tvl": 8094.672089585097,
        "revenue": 3.3351466669689267,
        "volume": 1080.1540074185175,
        "rr": 0.00041201751350249864,
        "apr": 0.150386392428412
    },
    "6/14/2022": {
        "tvl": 8157.288539270843,
        "revenue": 1.1338129254011569,
        "volume": 376.766871806159,
        "rr": 0.00013899384825518323,
        "apr": 0.050732754613141876
    },
    "6/15/2022": {
        "tvl": 8370.515887628346,
        "revenue": 1.8577245541663698,
        "volume": 638.2715165779447,
        "rr": 0.00022193668575578402,
        "apr": 0.08100689030086118
    },
    "6/16/2022": {
        "tvl": 8168.420526709732,
        "revenue": 1.2610399430160244,
        "volume": 420.0012554245609,
        "rr": 0.0001543798998707986,
        "apr": 0.05634866345284149
    },
    "6/17/2022": {
        "tvl": 8054.881879519505,
        "revenue": 0.7814861373261751,
        "volume": 257.37723169582927,
        "rr": 0.00009702018589660471,
        "apr": 0.03541236785226072
    },
    "6/18/2022": {
        "tvl": 7639.026072797375,
        "revenue": 1.8254465507998945,
        "volume": 592.0271315991429,
        "rr": 0.00023896325701784453,
        "apr": 0.08722158881151325
    },
    "6/19/2022": {
        "tvl": 7950.303232371757,
        "revenue": 0.9862209510341994,
        "volume": 331.46496378188624,
        "rr": 0.00012404821831430788,
        "apr": 0.04527759968472238
    },
    "6/20/2022": {
        "tvl": 8168.989724149196,
        "revenue": 0.6721997053793735,
        "volume": 224.36943270858552,
        "rr": 0.00008228676104123553,
        "apr": 0.03003466778005097
    },
    "6/21/2022": {
        "tvl": 8056.520084199267,
        "revenue": 0.8672314944698197,
        "volume": 281.93651987822733,
        "rr": 0.00010764343480886553,
        "apr": 0.039289853705235925
    },
    "6/22/2022": {
        "tvl": 8069.142117949316,
        "revenue": 0.4840788797356486,
        "volume": 161.28720836229886,
        "rr": 0.0000599913686807975,
        "apr": 0.021896849568491087
    },
    "6/23/2022": {
        "tvl": 8402.936111043975,
        "revenue": 0.649275844813241,
        "volume": 220.186910160597,
        "rr": 0.00007726773549544165,
        "apr": 0.028202723455836205
    },
    "6/24/2022": {
        "tvl": 8512.901023932945,
        "revenue": 0.8052954401694211,
        "volume": 271.0496420226795,
        "rr": 0.00009459706366906355,
        "apr": 0.034527928239208194
    },
    "6/25/2022": {
        "tvl": 8565.054414335451,
        "revenue": 0.7379464966665296,
        "volume": 250.53986505325204,
        "rr": 0.00008615782935732646,
        "apr": 0.03144760771542416
    },
    "6/26/2022": {
        "tvl": 8393.673794064682,
        "revenue": 0.5269980584286014,
        "volume": 174.3128294823186,
        "rr": 0.00006278514883450096,
        "apr": 0.02291657932459285
    },
    "6/27/2022": {
        "tvl": 8708.309727186004,
        "revenue": 1.1892647583316227,
        "volume": 401.3096752676875,
        "rr": 0.0001365666582366634,
        "apr": 0.049846830256382146
    },
    "6/28/2022": {
        "tvl": 8537.96223595055,
        "revenue": 0.8737613934543305,
        "volume": 286.85446637927424,
        "rr": 0.00010233839987897917,
        "apr": 0.03735351595582739
    },
    "6/29/2022": {
        "tvl": 8266.855892640358,
        "revenue": 0.6438547509248501,
        "volume": 208.93604677449477,
        "rr": 0.0000778838725733743,
        "apr": 0.02842761348928162
    },
    "6/30/2022": {
        "tvl": 8090.201762823302,
        "revenue": 0.8413911185625105,
        "volume": 278.13671418218996,
        "rr": 0.00010400125277825995,
        "apr": 0.037960457264064884
    },
    "7/1/2022": {
        "tvl": 8175.564492773065,
        "revenue": 0.4314257804751077,
        "volume": 145.78648466798361,
        "rr": 0.0000527701519395357,
        "apr": 0.01926110545793053
    },
    "7/2/2022": {
        "tvl": 8284.262106903736,
        "revenue": 0.3352657761705051,
        "volume": 112.12893838667837,
        "rr": 0.000040470203844843285,
        "apr": 0.0147716244033678
    },
    "7/3/2022": {
        "tvl": 8358.695827250036,
        "revenue": 0.2476158147990573,
        "volume": 83.51920865558384,
        "rr": 0.000029623737951058033,
        "apr": 0.010812664352136181
    },
    "7/4/2022": {
        "tvl": 8547.116295667181,
        "revenue": 0.35925495317652223,
        "volume": 120.27229634965124,
        "rr": 0.00004203229963755618,
        "apr": 0.015341789367708008
    },
    "7/5/2022": {
        "tvl": 8404.24854118278,
        "revenue": 0.5013935584729659,
        "volume": 166.25984738809,
        "rr": 0.00005965953481932624,
        "apr": 0.02177573020905408
    },
    "7/6/2022": {
        "tvl": 8588.051200214459,
        "revenue": 0.24662703960256355,
        "volume": 82.66942202400143,
        "rr": 0.00002871746265280822,
        "apr": 0.010481873868275001
    },
    "7/7/2022": {
        "tvl": 8620.321385702237,
        "revenue": 0.17871846291232635,
        "volume": 59.8271400635312,
        "rr": 0.000020732227363210708,
        "apr": 0.007567262987571909
    },
    "7/8/2022": {
        "tvl": 8641.282150347692,
        "revenue": 0.3155701967476851,
        "volume": 106.1201097456179,
        "rr": 0.000036518909029603644,
        "apr": 0.013329401795805329
    },
    "7/9/2022": {
        "tvl": 8669.864140910999,
        "revenue": 0.21117486616791842,
        "volume": 70.15416289472776,
        "rr": 0.000024357344329242156,
        "apr": 0.008890430680173388
    },
    "7/10/2022": {
        "tvl": 8836.828531628915,
        "revenue": 0.2553442669744313,
        "volume": 86.50201006651172,
        "rr": 0.00002889546470891668,
        "apr": 0.010546844618754589
    },
    "7/11/2022": {
        "tvl": 8660.332857439445,
        "revenue": 0.5734043169765706,
        "volume": 188.02066498867603,
        "rr": 0.00006621042475105351,
        "apr": 0.02416680503413453
    },
    "7/12/2022": {
        "tvl": 8294.00313160771,
        "revenue": 0.9472731825234606,
        "volume": 304.9168631129873,
        "rr": 0.00011421181876740395,
        "apr": 0.04168731385010244
    },
    "7/13/2022": {
        "tvl": 8492.720474806452,
        "revenue": 0.5609726382512068,
        "volume": 190.4909308748996,
        "rr": 0.00006605335003257496,
        "apr": 0.02410947276188986
    },
    "7/14/2022": {
        "tvl": 8637.49613356774,
        "revenue": 0.24143254255117322,
        "volume": 80.72882002437768,
        "rr": 0.000027951681693135402,
        "apr": 0.010202363817994423
    },
    "7/15/2022": {
        "tvl": 8594.476604675709,
        "revenue": 0.20638823771051248,
        "volume": 68.80223363477606,
        "rr": 0.00002401405544559046,
        "apr": 0.008765130237640516
    },
    "7/16/2022": {
        "tvl": 8712.622562186174,
        "revenue": 0.20574911928435766,
        "volume": 68.85509329233669,
        "rr": 0.00002361506168961496,
        "apr": 0.00861949751670946
    },
    "7/17/2022": {
        "tvl": 8770.902839276238,
        "revenue": 0.2573510790011244,
        "volume": 86.62500262925955,
        "rr": 0.000029341458196150837,
        "apr": 0.010709632241595055
    },
    "7/18/2022": {
        "tvl": 9042.30389755685,
        "revenue": 0.7699824603201247,
        "volume": 258.0156001832952,
        "rr": 0.00008515334908486841,
        "apr": 0.03108097241597697
    },
    "7/19/2022": {
        "tvl": 9131.654236315775,
        "revenue": 0.41797123555711435,
        "volume": 140.80272477908875,
        "rr": 0.00004577168875874428,
        "apr": 0.016706666396941662
    },
    "7/20/2022": {
        "tvl": 8690.166512969654,
        "revenue": 0.584778,
        "volume": 184.70679335127016,
        "rr": 0.00006729192117633731,
        "apr": 0.02456155122936312
    },
    "7/21/2022": {
        "tvl": 8963.10222233429,
        "revenue": 0.27919374516517254,
        "volume": 93.2966301859154,
        "rr": 0.00003114923139774938,
        "apr": 0.011369469460178526
    },
    "7/22/2022": {
        "tvl": 8834.509140932541,
        "revenue": 0.38182148931156223,
        "volume": 125.56597465152589,
        "rr": 0.00004321932132510742,
        "apr": 0.01577505228366421
    },
    "7/23/2022": {
        "tvl": 8953.961053466735,
        "revenue": 0.1816188138383092,
        "volume": 61.03475415333079,
        "rr": 0.000020283627855181615,
        "apr": 0.007403524167141289
    },
    "7/24/2022": {
        "tvl": 8664.00407810259,
        "revenue": 0.5323938375912519,
        "volume": 172.23236464065167,
        "rr": 0.00006144893663390863,
        "apr": 0.022428861871376646
    },
    "7/25/2022": {
        "tvl": 8417.600029831097,
        "revenue": 0.34195805107280264,
        "volume": 109.39717562694001,
        "rr": 0.00004062417433246281,
        "apr": 0.014827823631348925
    },
    "7/26/2022": {
        "tvl": 8590.049907105884,
        "revenue": 0.23847401360140286,
        "volume": 80.07430094330064,
        "rr": 0.00002776165635593476,
        "apr": 0.010133004569916186
    },
    "7/27/2022": {
        "tvl": 8806.71762146495,
        "revenue": 0.536239885817997,
        "volume": 180.29699435106437,
        "rr": 0.00006088986940049026,
        "apr": 0.022224802331178944
    },
    "7/28/2022": {
        "tvl": 9094.128102373421,
        "revenue": 0.512123856268234,
        "volume": 171.54094122252064,
        "rr": 0.00005631368400612016,
        "apr": 0.020554494662233858
    },
    "7/29/2022": {
        "tvl": 9068.091482416927,
        "revenue": 0.5760257459061742,
        "volume": 192.72105608966498,
        "rr": 0.00006352226893862847,
        "apr": 0.023185628162599392
    },
    "7/30/2022": {
        "tvl": 9352.791716340706,
        "revenue": 0.42707275952975965,
        "volume": 143.07427606535038,
        "rr": 0.00004566259706004151,
        "apr": 0.01666684792691515
    },
    "7/31/2022": {
        "tvl": 9217.850205614384,
        "revenue": 0.3424501889970805,
        "volume": 114.31898791636522,
        "rr": 0.00003715076523900354,
        "apr": 0.013560029312236294
    },
    "8/1/2022": {
        "tvl": 8995.373882533535,
        "revenue": 0.7223263842602061,
        "volume": 234.2074676065284,
        "rr": 0.00008029976226588637,
        "apr": 0.02930941322704853
    },
    "8/2/2022": {
        "tvl": 8952.705762402577,
        "revenue": 0.3771871831248221,
        "volume": 123.63409361199227,
        "rr": 0.00004213108228227964,
        "apr": 0.01537784503303207
    },
    "8/3/2022": {
        "tvl": 9196.17215195281,
        "revenue": 0.34018248583962807,
        "volume": 114.00770847543394,
        "rr": 0.000036991748329481876,
        "apr": 0.013501988140260884
    },
    "8/4/2022": {
        "tvl": 9404.501983503194,
        "revenue": 0.6117549889751577,
        "volume": 205.37088412219157,
        "rr": 0.00006504916369290592,
        "apr": 0.02374294474791066
    },
    "8/5/2022": {
        "tvl": 9401.398209142422,
        "revenue": 0.20414449391707026,
        "volume": 68.15263407708218,
        "rr": 0.00002171426944968135,
        "apr": 0.007925708349133694
    },
    "8/6/2022": {
        "tvl": 9419.992149481175,
        "revenue": 0.19613950563100754,
        "volume": 65.22569996228937,
        "rr": 0.00002082162092266821,
        "apr": 0.007599891636773898
    },
    "8/7/2022": {
        "tvl": 9482.0957744028,
        "revenue": 0.2791835869813866,
        "volume": 92.80360812767506,
        "rr": 0.00002944323635024348,
        "apr": 0.01074678126783887
    },
    "8/8/2022": {
        "tvl": 9479.394761687794,
        "revenue": 0.3897734913941089,
        "volume": 128.48203394184577,
        "rr": 0.00004111797231711766,
        "apr": 0.015008059895747947
    },
    "8/9/2022": {
        "tvl": 9213.494562708198,
        "revenue": 0.6377704992378932,
        "volume": 206.09046131735025,
        "rr": 0.00006922134646057989,
        "apr": 0.025265791458111662
    },
    "8/10/2022": {
        "tvl": 9546.50301653664,
        "revenue": 0.531019463693165,
        "volume": 177.95930761899038,
        "rr": 0.000055624500696571574,
        "apr": 0.020302942754248623
    },
    "8/11/2022": {
        "tvl": 9522.823313015659,
        "revenue": 0.1321066055139924,
        "volume": 43.967689585917974,
        "rr": 0.000013872630119413323,
        "apr": 0.005063509993585863
    },
    "8/12/2022": {
        "tvl": 9611.380021855286,
        "revenue": 0.16975733564435475,
        "volume": 57.01422467798172,
        "rr": 0.00001766211878609982,
        "apr": 0.006446673356926434
    },
    "8/13/2022": {
        "tvl": 9554.392134382007,
        "revenue": 0.03463213676686835,
        "volume": 11.572092908534222,
        "rr": 0.000003624734706276362,
        "apr": 0.001323028167790872
    },
    "8/14/2022": {
        "tvl": 9414.673325135967,
        "revenue": 0.6450281766060739,
        "volume": 212.38354409220594,
        "rr": 0.00006851307043059387,
        "apr": 0.025007270707166764
    },
    "8/15/2022": {
        "tvl": 9271.032619833912,
        "revenue": 0.3497894394878172,
        "volume": 115.34718167053134,
        "rr": 0.00003772928581218643,
        "apr": 0.013771189321448047
    },
    "8/16/2022": {
        "tvl": 9760.506608079102,
        "revenue": 0.7455895977215523,
        "volume": 249.68394192227578,
        "rr": 0.00007638841175563598,
        "apr": 0.027881770290807132
    },
    "8/17/2022": {
        "tvl": 9496.228345839017,
        "revenue": 0.48867292624625863,
        "volume": 158.39246705319852,
        "rr": 0.0000514596857246363,
        "apr": 0.01878278528949225
    },
    "8/18/2022": {
        "tvl": 8991.702419371059,
        "revenue": 0.623928,
        "volume": 195.7830212979503,
        "rr": 0.00006938930704110666,
        "apr": 0.025327097070003933
    },
    "8/19/2022": {
        "tvl": 8722.38735958669,
        "revenue": 0.9029039154661471,
        "volume": 294.11771549402687,
        "rr": 0.00010351568650224807,
        "apr": 0.03778322557332055
    },
    "8/20/2022": {
        "tvl": 8658.67304591615,
        "revenue": 0.35590649030578536,
        "volume": 117.47940779190016,
        "rr": 0.00004110404543726803,
        "apr": 0.015002976584602827
    },
    "8/21/2022": {
        "tvl": 8830.318821089317,
        "revenue": 0.3568929201396503,
        "volume": 119.38919257694863,
        "rr": 0.00004041676494027468,
        "apr": 0.014752119203200256
    },
    "8/22/2022": {
        "tvl": 8704.504983604065,
        "revenue": 0.6799848153163465,
        "volume": 226.3475713322577,
        "rr": 0.00007811872318956402,
        "apr": 0.028513333964190868
    },
    "8/23/2022": {
        "tvl": 8622.196879939262,
        "revenue": 0.33322732920717296,
        "volume": 109.55370993515153,
        "rr": 0.00003864761311383096,
        "apr": 0.0141063787865483
    },
    "8/24/2022": {
        "tvl": 8756.542134854975,
        "revenue": 0.24723377785593262,
        "volume": 82.28770909718615,
        "rr": 0.000028234178977090856,
        "apr": 0.010305475326638162
    },
    "8/25/2022": {
        "tvl": 8922.32264752616,
        "revenue": 0.18607014183631362,
        "volume": 62.10983786596726,
        "rr": 0.000020854451154364407,
        "apr": 0.007611874671343008
    },
    "8/26/2022": {
        "tvl": 8399.292699698497,
        "revenue": 0.7997528299462512,
        "volume": 248.43815930713026,
        "rr": 0.00009521668770692552,
        "apr": 0.03475409101302782
    },
    "8/27/2022": {
        "tvl": 8340.619697425884,
        "revenue": 0.3519884589843338,
        "volume": 115.76641658592439,
        "rr": 0.000042201715430445285,
        "apr": 0.015403626132112528
    },
    "8/28/2022": {
        "tvl": 8238.520412755108,
        "revenue": 0.222334297223715,
        "volume": 71.61660204663961,
        "rr": 0.00002698716348138081,
        "apr": 0.009850314670703996
    },
    "8/29/2022": {
        "tvl": 8527.953911953879,
        "revenue": 0.3569594499169267,
        "volume": 119.40317392950641,
        "rr": 0.00004185757259036852,
        "apr": 0.01527801399548451
    },
    "8/30/2022": {
        "tvl": 8557.395937848038,
        "revenue": 0.43679175243042023,
        "volume": 146.8469543556692,
        "rr": 0.00005104260169832249,
        "apr": 0.01863054961988771
    },
    "8/31/2022": {
        "tvl": 8498.262153791242,
        "revenue": 0.29738020789834807,
        "volume": 97.91135209763367,
        "rr": 0.00003499306123025175,
        "apr": 0.01277246734904189
    },
    "9/1/2022": {
        "tvl": 8578.580216824592,
        "revenue": 0.3166977602225973,
        "volume": 106.08037439707103,
        "rr": 0.000036917269783347056,
        "apr": 0.013474803470921675
    },
    "9/2/2022": {
        "tvl": 8392.958438613283,
        "revenue": 0.4351512726467077,
        "volume": 140.37545852952078,
        "rr": 0.00005184718545068896,
        "apr": 0.01892422268950147
    },
    "9/3/2022": {
        "tvl": 8495.209669927557,
        "revenue": 0.061483994957028214,
        "volume": 20.594532979650268,
        "rr": 0.000007237489990938919,
        "apr": 0.0026416838466927057
    },
    "9/4/2022": {
        "tvl": 8610.521382462795,
        "revenue": 0.2234782979970807,
        "volume": 74.93383716993885,
        "rr": 0.000025954095933405726,
        "apr": 0.009473245015693089
    },
    "9/5/2022": {
        "tvl": 8590.389259231335,
        "revenue": 0.3500002683879005,
        "volume": 116.61137311585296,
        "rr": 0.000040743237334883984,
        "apr": 0.014871281627232653
    },
    "9/6/2022": {
        "tvl": 8234.317266738735,
        "revenue": 0.7060418730673533,
        "volume": 221.6345021268145,
        "rr": 0.00008574382674314742,
        "apr": 0.031296496761248814
    },
    "9/7/2022": {
        "tvl": 8416.061541491863,
        "revenue": 0.25147718862693175,
        "volume": 84.09348772169952,
        "rr": 0.00002988062615596724,
        "apr": 0.010906428546928044
    },
    "9/8/2022": {
        "tvl": 8788.414073062922,
        "revenue": 0.5796784760303184,
        "volume": 195.53030833162538,
        "rr": 0.00006595939508665981,
        "apr": 0.02407517920663083
    },
    "9/9/2022": {
        "tvl": 8816.574354940936,
        "revenue": 0.3739316610553174,
        "volume": 124.23920690152075,
        "rr": 0.000042412352689541,
        "apr": 0.015480508731682462
    },
    "9/10/2022": {
        "tvl": 8863.92281125901,
        "revenue": 0.2511801125090785,
        "volume": 83.16211939608473,
        "rr": 0.000028337353320589386,
        "apr": 0.010343133962015126
    },
    "9/11/2022": {
        "tvl": 8964.020848165856,
        "revenue": 0.3481084007622909,
        "volume": 115.72376330526967,
        "rr": 0.00003883395706665698,
        "apr": 0.014174394329329796
    },
    "9/12/2022": {
        "tvl": 8811.315234351685,
        "revenue": 0.2748139357499365,
        "volume": 88.721301992483,
        "rr": 0.00003118875314760619,
        "apr": 0.01138389489887626
    },
    "9/13/2022": {
        "tvl": 8547.75390724147,
        "revenue": 0.5615025873650193,
        "volume": 178.00923193665568,
        "rr": 0.00006569007407774417,
        "apr": 0.023976877038376622
    },
    "9/14/2022": {
        "tvl": 8587.919392071648,
        "revenue": 0.4182467055400942,
        "volume": 137.9277065702482,
        "rr": 0.00004870175026633562,
        "apr": 0.017776138847212502
    },
    "9/15/2022": {
        "tvl": 8543.926251363799,
        "revenue": 0.054076,
        "volume": 17.579804260191544,
        "rr": 0.000006329174481271801,
        "apr": 0.0023101486856642074
    },
    "9/16/2022": {
        "tvl": 8519.85920427038,
        "revenue": 0.042789,
        "volume": 13.900917958354354,
        "rr": 0.000005022266093147761,
        "apr": 0.001833127123998933
    },
    "9/17/2022": {
        "tvl": 8575.369649604057,
        "revenue": 0.03926355351776754,
        "volume": 13.128099844224232,
        "rr": 0.000004578642685050949,
        "apr": 0.0016712045800435962
    },
    "9/18/2022": {
        "tvl": 8225.095273247784,
        "revenue": 0.5085357355181855,
        "volume": 160.8050703179038,
        "rr": 0.00006182733678139921,
        "apr": 0.022566977925210712
    },
    "9/19/2022": {
        "tvl": 8482.486625988708,
        "revenue": 0.22977847210126612,
        "volume": 76.79683718671042,
        "rr": 0.000027088574640043532,
        "apr": 0.009887329743615888
    },
    "9/20/2022": {
        "tvl": 8379.504147408257,
        "revenue": 0.14986123295499992,
        "volume": 49.17124765407998,
        "rr": 0.00001788426025200445,
        "apr": 0.006527754991981624
    },
    "9/21/2022": {
        "tvl": 8262.79781653998,
        "revenue": 0.8891350124889595,
        "volume": 290.36135573937975,
        "rr": 0.00010760701547230669,
        "apr": 0.03927656064739194
    },
    "9/22/2022": {
        "tvl": 8468.86593828275,
        "revenue": 0.3213247501352835,
        "volume": 107.50636294044025,
        "rr": 0.000037941886490700456,
        "apr": 0.013848788569105666
    },
    "9/23/2022": {
        "tvl": 8315.00666091249,
        "revenue": 0.211407,
        "volume": 69.46494320230208,
        "rr": 0.000025424754136853594,
        "apr": 0.009280035259951561
    },
    "9/24/2022": {
        "tvl": 8421.765295994755,
        "revenue": 0.2853632127163245,
        "volume": 95.9156269639366,
        "rr": 0.000033884013943257034,
        "apr": 0.012367665089288816
    },
    "9/25/2022": {
        "tvl": 8335.840049447657,
        "revenue": 0.24302596648625396,
        "volume": 78.92890605077154,
        "rr": 0.000029154346178026433,
        "apr": 0.010641336354979648
    },
    "9/26/2022": {
        "tvl": 8537.467119797802,
        "revenue": 0.46471387488260923,
        "volume": 157.44761672481872,
        "rr": 0.000054432288682549596,
        "apr": 0.019867785369130603
    },
    "9/27/2022": {
        "tvl": 8232.641857751145,
        "revenue": 0.4616142745417925,
        "volume": 147.85079019422648,
        "rr": 0.00005607122021312956,
        "apr": 0.02046599537779229
    },
    "9/28/2022": {
        "tvl": 8310.611528265406,
        "revenue": 0.11720503400254424,
        "volume": 39.16320527377866,
        "rr": 0.000014103057711687712,
        "apr": 0.005147616064766015
    },
    "9/30/2022": {
        "tvl": 8229.048316487082,
        "revenue": 0.17397495249034373,
        "volume": 57.117002139733316,
        "rr": 0.00002114156410307873,
        "apr": 0.007716670897623736
    },
    "10/1/2022": {
        "tvl": 8240.942710172667,
        "revenue": 0.06523,
        "volume": 21.313071966556592,
        "rr": 0.000007915356567092707,
        "apr": 0.0028891051469888385
    },
    "10/2/2022": {
        "tvl": 8176.628590443908,
        "revenue": 0.3701162527561042,
        "volume": 122.72402927320968,
        "rr": 0.00004526514182002373,
        "apr": 0.01652177676430866
    },
    "10/3/2022": {
        "tvl": 8291.20001198349,
        "revenue": 0.23103725718083848,
        "volume": 77.2028785827186,
        "rr": 0.000027865358072041952,
        "apr": 0.010170855696295313
    },
    "10/4/2022": {
        "tvl": 8351.546763871022,
        "revenue": 0.035127173328925454,
        "volume": 11.741920861245422,
        "rr": 0.000004206067968257856,
        "apr": 0.0015352148084141171
    },
    "10/5/2022": {
        "tvl": 8320.21944642072,
        "revenue": 0.17539904779140894,
        "volume": 58.228026182771295,
        "rr": 0.000021081060291848906,
        "apr": 0.007694587006524851
    },
    "10/6/2022": {
        "tvl": 8289.488680546203,
        "revenue": 0.07102023731715075,
        "volume": 23.460279874011004,
        "rr": 0.000008567505192910301,
        "apr": 0.0031271393954122595
    },
    "10/7/2022": {
        "tvl": 8233.443469740278,
        "revenue": 0.094969,
        "volume": 31.27920890264513,
        "rr": 0.0000115345420599573,
        "apr": 0.004210107851884415
    },
    "10/8/2022": {
        "tvl": 8238.708017524501,
        "revenue": 0.022455846774141527,
        "volume": 7.498780470950677,
        "rr": 0.0000027256514888470188,
        "apr": 0.000994862793429162
    },
    "10/9/2022": {
        "tvl": 8280.223180078927,
        "revenue": 0.09720273921303675,
        "volume": 32.48661791019287,
        "rr": 0.000011739144839343595,
        "apr": 0.004284787866360413
    },
    "10/10/2022": {
        "tvl": 8021.695507173999,
        "revenue": 0.434016,
        "volume": 138.8758092570491,
        "rr": 0.000054105269841251,
        "apr": 0.019748423492056615
    },
    "10/11/2022": {
        "tvl": 8015.511565757112,
        "revenue": 0.23989118899287476,
        "volume": 79.3547812497081,
        "rr": 0.000029928369140867883,
        "apr": 0.010923854736416777
    },
    "10/12/2022": {
        "tvl": 7950.288114728739,
        "revenue": 0.17182476147153372,
        "volume": 56.35883553251535,
        "rr": 0.000021612394292127654,
        "apr": 0.007888523916626594
    },
    "10/13/2022": {
        "tvl": 8138.074810016901,
        "revenue": 0.8723157204188313,
        "volume": 293.79786734174,
        "rr": 0.00010718944477447236,
        "apr": 0.039124147342682415
    },
    "10/14/2022": {
        "tvl": 8135.840958515229,
        "revenue": 0.122079,
        "volume": 39.9732312756889,
        "rr": 0.000015005086827837783,
        "apr": 0.005476856692160791
    },
    "10/15/2022": {
        "tvl": 8095.827009788891,
        "revenue": 0.17498830450838226,
        "volume": 58.120435118690935,
        "rr": 0.000021614629894734537,
        "apr": 0.007889339911578105
    },
    "10/16/2022": {
        "tvl": 8077.712869986029,
        "revenue": 0.05961622340301059,
        "volume": 19.829403190272522,
        "rr": 0.0000073803345529306625,
        "apr": 0.0026938221118196918
    },
    "10/17/2022": {
        "tvl": 8150.473489553219,
        "revenue": 0.10109564998769807,
        "volume": 33.797507804283036,
        "rr": 0.000012403653618072167,
        "apr": 0.004527333570596341
    },
    "10/18/2022": {
        "tvl": 8126.88695507987,
        "revenue": 0.27233047131272475,
        "volume": 89.98073980300266,
        "rr": 0.00003350981412907426,
        "apr": 0.012231082157112105
    },
    "10/19/2022": {
        "tvl": 7974.610648955416,
        "revenue": 0.186446,
        "volume": 60.58003121332744,
        "rr": 0.00002337995022044397,
        "apr": 0.00853368183046205
    },
    "10/20/2022": {
        "tvl": 7944.078597543386,
        "revenue": 0.23316953553467779,
        "volume": 76.93979549257388,
        "rr": 0.00002935136311551383,
        "apr": 0.010713247537162547
    },
    "10/21/2022": {
        "tvl": 8023.885184611197,
        "revenue": 0.24134114414498853,
        "volume": 80.83892072318851,
        "rr": 0.000030077841169493614,
        "apr": 0.01097841202686517
    },
    "10/23/2022": {
        "tvl": 8127.461698691972,
        "revenue": 0.18360094516794676,
        "volume": 61.745251046498446,
        "rr": 0.000022590195066375442,
        "apr": 0.008245421199227037
    },
    "10/24/2022": {
        "tvl": 8061.41618478597,
        "revenue": 0.20033817972378642,
        "volume": 66.50645652631499,
        "rr": 0.00002485148702555237,
        "apr": 0.009070792764326615
    },
    "10/25/2022": {
        "tvl": 8206.20666755715,
        "revenue": 0.30971446043491424,
        "volume": 104.53186341161329,
        "rr": 0.00003774148921442056,
        "apr": 0.013775643563263504
    },
    "10/26/2022": {
        "tvl": 8350.696693759883,
        "revenue": 0.18204678398771673,
        "volume": 60.80332857793794,
        "rr": 0.00002180019112941229,
        "apr": 0.007957069762235487
    },
    "10/27/2022": {
        "tvl": 8225.536784075548,
        "revenue": 0.34336315121245453,
        "volume": 112.94396299620331,
        "rr": 0.00004174355549381261,
        "apr": 0.0152363977552416
    },
    "10/28/2022": {
        "tvl": 8302.289549511946,
        "revenue": 0.10162755457783611,
        "volume": 33.99063687609647,
        "rr": 0.000012240907037964043,
        "apr": 0.0044679310688568764
    },
    "10/29/2022": {
        "tvl": 8292.064918901971,
        "revenue": 0.2743097453155203,
        "volume": 90.89393808326317,
        "rr": 0.00003308099345558961,
        "apr": 0.012074562611290208
    },
    "10/30/2022": {
        "tvl": 8230.017426468079,
        "revenue": 0.18245964306013976,
        "volume": 59.47796310117477,
        "rr": 0.000022170019041921095,
        "apr": 0.008092056950301199
    },
    "10/31/2022": {
        "tvl": 8271.000461642963,
        "revenue": 0.1851094644095357,
        "volume": 61.514462627655874,
        "rr": 0.000022380540935523695,
        "apr": 0.008168897441466148
    },
    "11/1/2022": {
        "tvl": 8258.127448249707,
        "revenue": 0.054261,
        "volume": 17.808156272776813,
        "rr": 0.000006570617896130982,
        "apr": 0.0023982755320878083
    },
    "11/2/2022": {
        "tvl": 8226.124784790576,
        "revenue": 0.36301781465602356,
        "volume": 121.05273256625703,
        "rr": 0.00004412986967170902,
        "apr": 0.016107402430173792
    },
    "11/3/2022": {
        "tvl": 8083.212285673315,
        "revenue": 0.12947191736054156,
        "volume": 42.365830685283186,
        "rr": 0.00001601738427555807,
        "apr": 0.005846345260578696
    },
    "11/4/2022": {
        "tvl": 8352.825506821899,
        "revenue": 0.3901016031895143,
        "volume": 130.7787717613292,
        "rr": 0.00004670295133915003,
        "apr": 0.017046577238789763
    },
    "11/5/2022": {
        "tvl": 8336.167337641671,
        "revenue": 0.1013379354267531,
        "volume": 33.65574877498503,
        "rr": 0.000012156418090261361,
        "apr": 0.004437092602945397
    },
    "11/6/2022": {
        "tvl": 8117.692618051751,
        "revenue": 0.236329,
        "volume": 75.91871185900435,
        "rr": 0.000029112829361691088,
        "apr": 0.010626182717017247
    },
    "11/7/2022": {
        "tvl": 7928.434829231668,
        "revenue": 0.5121757618684838,
        "volume": 165.98497196629572,
        "rr": 0.00006459985771468061,
        "apr": 0.023578948065858422
    },
    "11/8/2022": {
        "tvl": 7379.862314399756,
        "revenue": 1.6175762029180043,
        "volume": 514.2480090270664,
        "rr": 0.00021918785663002855,
        "apr": 0.08000356766996042
    },
    "11/9/2022": {
        "tvl": 7153.980344133692,
        "revenue": 1.2829065926227563,
        "volume": 424.43121616517635,
        "rr": 0.00017932766528702413,
        "apr": 0.0654545978297638
    },
    "11/10/2022": {
        "tvl": 7280.863567621031,
        "revenue": 0.9580697267109483,
        "volume": 318.7463988887581,
        "rr": 0.00013158737529042733,
        "apr": 0.048029391981005976
    },
    "11/11/2022": {
        "tvl": 7101.16052558893,
        "revenue": 0.3932701421538199,
        "volume": 127.8828980645133,
        "rr": 0.000055381108585938395,
        "apr": 0.020214104633867518
    },
    "11/12/2022": {
        "tvl": 7139.959694536302,
        "revenue": 0.21791096981878413,
        "volume": 73.32834797426868,
        "rr": 0.000030519915957723924,
        "apr": 0.011139769324569233
    },
    "11/13/2022": {
        "tvl": 6741.274784832722,
        "revenue": 0.6331226255736918,
        "volume": 199.87557315368508,
        "rr": 0.00009391734438687506,
        "apr": 0.0342798307012094
    },
    "11/14/2022": {
        "tvl": 7011.50765821495,
        "revenue": 0.3976778773763821,
        "volume": 133.56890075840184,
        "rr": 0.000056717883907671055,
        "apr": 0.020702027626299937
    },
    "11/15/2022": {
        "tvl": 6988.444775849572,
        "revenue": 0.1258479206271325,
        "volume": 41.75003889294728,
        "rr": 0.000018008001016482726,
        "apr": 0.0065729203710161955
    },
    "11/16/2022": {
        "tvl": 6841.557623481743,
        "revenue": 0.31216397512244526,
        "volume": 101.64607909476304,
        "rr": 0.00004562761761313378,
        "apr": 0.01665408042879383
    },
    "11/17/2022": {
        "tvl": 6844.84896493267,
        "revenue": 0.05717825928329843,
        "volume": 19.01561675823417,
        "rr": 0.000008353472746620475,
        "apr": 0.0030490175525164738
    },
    "11/19/2022": {
        "tvl": 6944.46703497442,
        "revenue": 0.06376519139636705,
        "volume": 21.302455120972617,
        "rr": 0.000009182157691184422,
        "apr": 0.003351487557282314
    },
    "11/20/2022": {
        "tvl": 6853.779644009445,
        "revenue": 0.2650235178404262,
        "volume": 87.5250425724204,
        "rr": 0.00003866822856962878,
        "apr": 0.014113903427914505
    },
    "11/21/2022": {
        "tvl": 6747.686350888109,
        "revenue": 0.22193695214809478,
        "volume": 73.80956541210443,
        "rr": 0.00003289082221773455,
        "apr": 0.01200515010947311
    },
    "11/22/2022": {
        "tvl": 6920.141357865607,
        "revenue": 0.32550325044195216,
        "volume": 110.07958982035588,
        "rr": 0.00004703708112435839,
        "apr": 0.017168534610390813
    },
    "11/23/2022": {
        "tvl": 6917.428843214875,
        "revenue": 0.14101233000111868,
        "volume": 47.16856048203201,
        "rr": 0.00002038507850202666,
        "apr": 0.0074405536532397305
    },
    "11/24/2022": {
        "tvl": 6860.782996163539,
        "revenue": 0.09938668366535947,
        "volume": 32.74089298914113,
        "rr": 0.000014486201315642138,
        "apr": 0.00528746348020938
    },
    "11/25/2022": {
        "tvl": 6955.317383822487,
        "revenue": 0.02726219289352268,
        "volume": 9.120992540543167,
        "rr": 0.0000039196188166671394,
        "apr": 0.001430660868083506
    },
    "11/27/2022": {
        "tvl": 6794.849534579529,
        "revenue": 0.22601305344884318,
        "volume": 73.5993766907339,
        "rr": 0.00003326240740117125,
        "apr": 0.012140778701427508
    },
    "11/29/2022": {
        "tvl": 6951.637019161947,
        "revenue": 0.14291806913863495,
        "volume": 47.84807388018243,
        "rr": 0.000020558908462091193,
        "apr": 0.007504001588663285
    },
    "11/30/2022": {
        "tvl": 7029.214736187091,
        "revenue": 0.20705802301318077,
        "volume": 69.2660454947057,
        "rr": 0.000029456778713449403,
        "apr": 0.010751724230409033
    },
    "12/1/2022": {
        "tvl": 6944.836274883678,
        "revenue": 0.125219,
        "volume": 40.93568156513109,
        "rr": 0.00001803051865352972,
        "apr": 0.006581139308538347
    },
    "12/2/2022": {
        "tvl": 7055.495214628975,
        "revenue": 0.1227634108514141,
        "volume": 41.04561663094623,
        "rr": 0.000017399687352473076,
        "apr": 0.006350885883652673
    },
    "12/3/2022": {
        "tvl": 6984.341818238358,
        "revenue": 0.09330224687651635,
        "volume": 30.771911256631377,
        "rr": 0.000013358774427802808,
        "apr": 0.004875952666148025
    },
    "12/4/2022": {
        "tvl": 6922.391598595064,
        "revenue": 0.066995,
        "volume": 21.96421448933655,
        "rr": 0.000009678013594838665,
        "apr": 0.0035324749621161128
    },
    "12/5/2022": {
        "tvl": 6957.717419428372,
        "revenue": 0.1161229479210495,
        "volume": 38.63694422876534,
        "rr": 0.000016689805135919112,
        "apr": 0.006091778874610476
    },
    "12/6/2022": {
        "tvl": 6990.690402097939,
        "revenue": 0.07516751543925797,
        "volume": 24.97106822191674,
        "rr": 0.00001075251672090926,
        "apr": 0.00392466860313188
    },
    "12/7/2022": {
        "tvl": 6873.963307455262,
        "revenue": 0.19094797161755056,
        "volume": 62.62812031708068,
        "rr": 0.00002777843917357764,
        "apr": 0.01013913029835584
    },
    "12/8/2022": {
        "tvl": 6947.61845772619,
        "revenue": 0.04388070619301429,
        "volume": 14.659613069188445,
        "rr": 0.0000063159349437527296,
        "apr": 0.002305316254469746
    },
    "12/9/2022": {
        "tvl": 6912.127026587215,
        "revenue": 0.04504233528175442,
        "volume": 14.959526051874922,
        "rr": 0.00000651642180597968,
        "apr": 0.0023784939591825834
    },
    "12/10/2022": {
        "tvl": 6954.006733151186,
        "revenue": 0.02576866254488037,
        "volume": 8.61050807315419,
        "rr": 0.000003705584928762843,
        "apr": 0.0013525384989984378
    },
    "12/11/2022": {
        "tvl": 6844.52473081176,
        "revenue": 0.094956,
        "volume": 31.22791234084882,
        "rr": 0.000013873278822785148,
        "apr": 0.005063746770316579
    },
    "12/12/2022": {
        "tvl": 6736.157666523761,
        "revenue": 0.099225,
        "volume": 31.98449618238338,
        "rr": 0.000014730207473187859,
        "apr": 0.005376525727713568
    },
    "12/13/2022": {
        "tvl": 6831.849242068916,
        "revenue": 0.3270258676859007,
        "volume": 110.31898137444713,
        "rr": 0.00004786784018478519,
        "apr": 0.017471761667446593
    },
    "12/14/2022": {
        "tvl": 6745.262666300308,
        "revenue": 0.12702825529697842,
        "volume": 41.7385690232928,
        "rr": 0.000018832217747667315,
        "apr": 0.00687375947789857
    },
    "12/15/2022": {
        "tvl": 6824.248514881189,
        "revenue": 0.09096386072678894,
        "volume": 30.556981483390572,
        "rr": 0.000013329505883091748,
        "apr": 0.004865269647328489
    },
    "12/16/2022": {
        "tvl": 6361.574937656177,
        "revenue": 0.633327,
        "volume": 199.74290448730952,
        "rr": 0.00009955506399070093,
        "apr": 0.03633759835660584
    },
    "12/17/2022": {
        "tvl": 6323.334951691195,
        "revenue": 0.21720054888687015,
        "volume": 71.65200714969356,
        "rr": 0.00003434905007345518,
        "apr": 0.012537403276811142
    },
    "12/18/2022": {
        "tvl": 6324.66085261313,
        "revenue": 0.12773482976346073,
        "volume": 42.359345985347055,
        "rr": 0.00002019631293125941,
        "apr": 0.007371654219909685
    },
    "12/19/2022": {
        "tvl": 6204.6881223828605,
        "revenue": 0.4430266106137843,
        "volume": 147.4504282419864,
        "rr": 0.00007140191446780462,
        "apr": 0.02606169878074869
    },
    "12/20/2022": {
        "tvl": 6240.719683157185,
        "revenue": 0.09638629891429008,
        "volume": 32.197811531645165,
        "rr": 0.000015444740960633595,
        "apr": 0.005637330450631263
    },
    "12/21/2022": {
        "tvl": 6244.275867393742,
        "revenue": 0.062302019286965285,
        "volume": 20.815362104893392,
        "rr": 0.000009977461055539355,
        "apr": 0.0036417732852718643
    },
    "12/22/2022": {
        "tvl": 6269.8646766837555,
        "revenue": 0.2611269073230336,
        "volume": 88.12262449061575,
        "rr": 0.00004164793353421279,
        "apr": 0.015201495739987669
    },
    "12/23/2022": {
        "tvl": 6231.466442322989,
        "revenue": 0.012901222019350051,
        "volume": 4.306295511076103,
        "rr": 0.000002070334830294085,
        "apr": 0.0007556722130573411
    },
    "12/25/2022": {
        "tvl": 6169.0892119112705,
        "revenue": 0.12418709994877197,
        "volume": 41.31339359328992,
        "rr": 0.00002013054045465766,
        "apr": 0.0073476472659500455
    },
    "12/26/2022": {
        "tvl": 6177.48516064737,
        "revenue": 0.05454499942874729,
        "volume": 18.226544646525593,
        "rr": 0.00000882964475191572,
        "apr": 0.0032228203344492378
    },
    "12/27/2022": {
        "tvl": 6052.758465293202,
        "revenue": 0.1972724280341812,
        "volume": 64.24463545311994,
        "rr": 0.00003259215267969976,
        "apr": 0.01189613572809041
    },
    "12/28/2022": {
        "tvl": 5968.3974019580355,
        "revenue": 0.6139754004593093,
        "volume": 203.36807444705528,
        "rr": 0.0001028710655657554,
        "apr": 0.03754793893150073
    },
    "12/29/2022": {
        "tvl": 5891.727894745049,
        "revenue": 0.3003450363329373,
        "volume": 99.15190452270055,
        "rr": 0.0000509774113296748,
        "apr": 0.0186067551353313
    },
    "12/30/2022": {
        "tvl": 5914.336344863944,
        "revenue": 0.15592807850238605,
        "volume": 52.52186557130766,
        "rr": 0.000026364425255894555,
        "apr": 0.009623015218401513
    },
    "12/31/2022": {
        "tvl": 5905.673370286013,
        "revenue": 0.07034447095206592,
        "volume": 23.53243756244606,
        "rr": 0.00001191133788502413,
        "apr": 0.004347638328033808
    },
    "1/1/2023": {
        "tvl": 5886.348101749307,
        "revenue": 0.14258578180739948,
        "volume": 47.49299936047769,
        "rr": 0.00002422313110653884,
        "apr": 0.008841442853886676
    },
    "1/2/2023": {
        "tvl": 5971.391889759234,
        "revenue": 0.14733830758576097,
        "volume": 49.219947143057865,
        "rr": 0.000024674030829971474,
        "apr": 0.009006021252939589
    },
    "1/3/2023": {
        "tvl": 6069.865267590536,
        "revenue": 0.057675376990412905,
        "volume": 19.267223305853385,
        "rr": 0.00000950192046244668,
        "apr": 0.0034682009687930383
    },
    "1/4/2023": {
        "tvl": 6092.732432289536,
        "revenue": 0.06346919256979464,
        "volume": 21.20732428126542,
        "rr": 0.00001041719676272475,
        "apr": 0.003802276818394533
    },
    "1/5/2023": {
        "tvl": 6069.228752025079,
        "revenue": 0.051635184148483136,
        "volume": 17.220690919477416,
        "rr": 0.000008507701103085688,
        "apr": 0.0031053109026262754
    },
    "1/6/2023": {
        "tvl": 6148.593508587834,
        "revenue": 0.13967772712640733,
        "volume": 46.8075130739718,
        "rr": 0.000022717020881493847,
        "apr": 0.008291712621745254
    },
    "1/7/2023": {
        "tvl": 6166.473092140661,
        "revenue": 0.0604425366711856,
        "volume": 20.22509197028279,
        "rr": 0.000009801800116215746,
        "apr": 0.003577657042418747
    },
    "1/8/2023": {
        "tvl": 6336.895887761815,
        "revenue": 0.1639907341617861,
        "volume": 54.805047891711624,
        "rr": 0.000025878716814409816,
        "apr": 0.009445731637259584
    },
    "1/9/2023": {
        "tvl": 6317.358949232063,
        "revenue": 0.2194614737777873,
        "volume": 73.07390018111212,
        "rr": 0.0000347394339219026,
        "apr": 0.012679893381494448
    },
    "1/10/2023": {
        "tvl": 6301.103048259603,
        "revenue": 0.1481940877521501,
        "volume": 49.23097191596221,
        "rr": 0.00002351875324322494,
        "apr": 0.008584344933777103
    },
    "1/11/2023": {
        "tvl": 6476.004453203934,
        "revenue": 0.3202839360056678,
        "volume": 108.51848595984751,
        "rr": 0.0000494570283760708,
        "apr": 0.01805181535726584
    },
    "1/12/2023": {
        "tvl": 6542.305366812275,
        "revenue": 0.41004104124406177,
        "volume": 138.681853080104,
        "rr": 0.00006267531370885145,
        "apr": 0.02287648950373078
    },
    "1/13/2023": {
        "tvl": 6893.300678870176,
        "revenue": 0.531782653648082,
        "volume": 178.89716774516916,
        "rr": 0.00007714485098236599,
        "apr": 0.028157870608563583
    },
    "1/14/2023": {
        "tvl": 7002.752931846985,
        "revenue": 0.7980080572099404,
        "volume": 268.4993329616181,
        "rr": 0.0001139563347409809,
        "apr": 0.041594062180458025
    },
    "1/15/2023": {
        "tvl": 7091.031539134027,
        "revenue": 0.474121764442919,
        "volume": 158.8784729434971,
        "rr": 0.00006686217115610514,
        "apr": 0.024404692471978375
    },
    "1/16/2023": {
        "tvl": 6962.027939905161,
        "revenue": 0.22240401513901042,
        "volume": 73.66010293122963,
        "rr": 0.00003194529195498174,
        "apr": 0.011660031563568336
    },
    "1/17/2023": {
        "tvl": 7034.359906586727,
        "revenue": 0.18278069539863168,
        "volume": 60.99494954608117,
        "rr": 0.000025983984019282587,
        "apr": 0.009484154167038145
    },
    "1/18/2023": {
        "tvl": 6793.538719034301,
        "revenue": 0.49628395853246027,
        "volume": 159.88657582656774,
        "rr": 0.00007305234857085011,
        "apr": 0.02666410722836029
    },
    "1/19/2023": {
        "tvl": 6885.566506857584,
        "revenue": 0.5653786335794372,
        "volume": 187.03528691861874,
        "rr": 0.00008211069241962245,
        "apr": 0.02997040273316219
    },
    "1/20/2023": {
        "tvl": 7320.632141752142,
        "revenue": 0.7783569755941075,
        "volume": 262.6299825311973,
        "rr": 0.00010632373824042649,
        "apr": 0.03880816445775567
    },
    "1/21/2023": {
        "tvl": 7267.829313838629,
        "revenue": 0.5215115493063209,
        "volume": 171.19100577254744,
        "rr": 0.0000717561636062798,
        "apr": 0.02619099971629213
    },
    "1/22/2023": {
        "tvl": 7341.3863594725135,
        "revenue": 0.21191941450454033,
        "volume": 70.98831795047799,
        "rr": 0.00002886640262858567,
        "apr": 0.01053623695943377
    },
    "1/23/2023": {
        "tvl": 7337.348737974027,
        "revenue": 0.15249991102879865,
        "volume": 50.88153766780054,
        "rr": 0.000020784061992248523,
        "apr": 0.007586182627170711
    },
    "1/24/2023": {
        "tvl": 7110.969523452227,
        "revenue": 0.5912336060565399,
        "volume": 191.9490626029531,
        "rr": 0.00008314388130994383,
        "apr": 0.0303475166781295
    },
    "1/25/2023": {
        "tvl": 7275.758342014379,
        "revenue": 0.32047258650009924,
        "volume": 107.08380806171148,
        "rr": 0.000044046623243313035,
        "apr": 0.016077017483809256
    },
    "1/26/2023": {
        "tvl": 7229.879587903423,
        "revenue": 0.09232812892854099,
        "volume": 30.573960770201627,
        "rr": 0.000012770354997753846,
        "apr": 0.004661179574180153
    },
    "1/27/2023": {
        "tvl": 7421.842963584578,
        "revenue": 0.23770392307920252,
        "volume": 79.47942711361362,
        "rr": 0.0000320276141984547,
        "apr": 0.011690079182435965
    },
    "1/28/2023": {
        "tvl": 7326.934748052494,
        "revenue": 0.23212638140184358,
        "volume": 77.36928122556144,
        "rr": 0.00003168124043462281,
        "apr": 0.011563652758637327
    },
    "1/29/2023": {
        "tvl": 7488.774705123541,
        "revenue": 0.3437200413934221,
        "volume": 114.95717278471457,
        "rr": 0.00004589803471564736,
        "apr": 0.016752782671211285
    },
    "1/30/2023": {
        "tvl": 7112.051496172458,
        "revenue": 0.486442,
        "volume": 153.87104214291057,
        "rr": 0.00006839686133625323,
        "apr": 0.02496485438773243
    },
    "1/31/2023": {
        "tvl": 7138.712047694927,
        "revenue": 0.08500797993095993,
        "volume": 28.27285248236538,
        "rr": 0.000011908027577384748,
        "apr": 0.0043464300657454335
    },
    "2/1/2023": {
        "tvl": 7306.408316764566,
        "revenue": 0.5903102110753415,
        "volume": 200.70674793858274,
        "rr": 0.0000807934877826187,
        "apr": 0.029489623040655822
    },
    "2/2/2023": {
        "tvl": 7311.562161624067,
        "revenue": 0.24056801071646935,
        "volume": 80.33930037901224,
        "rr": 0.000032902409279802064,
        "apr": 0.012009379387127754
    },
    "2/3/2023": {
        "tvl": 7418.30665601371,
        "revenue": 0.3405187342531532,
        "volume": 114.16818662512381,
        "rr": 0.00004590248826895137,
        "apr": 0.01675440821816725
    },
    "2/4/2023": {
        "tvl": 7508.910941788869,
        "revenue": 0.15841649715895498,
        "volume": 53.02786754263315,
        "rr": 0.00002109713357729809,
        "apr": 0.007700453755713803
    },
    "2/5/2023": {
        "tvl": 7519.65542600233,
        "revenue": 0.5019333125805665,
        "volume": 166.71264880477608,
        "rr": 0.00006674950967100483,
        "apr": 0.024363571029916764
    },
    "2/6/2023": {
        "tvl": 7459.4611272566335,
        "revenue": 0.38319787569599273,
        "volume": 126.36854616096946,
        "rr": 0.00005137071822732609,
        "apr": 0.01875031215297402
    },
    "2/7/2023": {
        "tvl": 7770.498043564425,
        "revenue": 0.37353330420244496,
        "volume": 124.89405321894061,
        "rr": 0.00004807070307569379,
        "apr": 0.017545806622628234
    },
    "2/8/2023": {
        "tvl": 7524.402374013407,
        "revenue": 0.5100171993844901,
        "volume": 165.7219400876522,
        "rr": 0.00006778175515252972,
        "apr": 0.024740340630673346
    },
    "2/9/2023": {
        "tvl": 7204.564696695824,
        "revenue": 0.584969,
        "volume": 186.6105652082054,
        "rr": 0.00008119421847488995,
        "apr": 0.02963588974333483
    },
    "2/10/2023": {
        "tvl": 7285.114272955136,
        "revenue": 0.1669292468492778,
        "volume": 55.80831394230594,
        "rr": 0.00002291374446506308,
        "apr": 0.008363516729748026
    },
    "2/12/2023": {
        "tvl": 7138.064116881136,
        "revenue": 0.20085373480619606,
        "volume": 65.83591545449168,
        "rr": 0.000028138404407322124,
        "apr": 0.010270517608672574
    },
    "2/13/2023": {
        "tvl": 7053.685091695226,
        "revenue": 0.29878406222531717,
        "volume": 98.956565374515,
        "rr": 0.000042358576877368056,
        "apr": 0.01546088056023934
    },
    "2/14/2023": {
        "tvl": 7147.609311425064,
        "revenue": 0.14202958233986712,
        "volume": 47.49834434825342,
        "rr": 0.000019870921332093596,
        "apr": 0.007252886286214162
    },
    "2/15/2023": {
        "tvl": 7487.986426215261,
        "revenue": 0.46221961165578246,
        "volume": 154.4645169189823,
        "rr": 0.00006172815832538941,
        "apr": 0.022530777788767133
    },
    "2/16/2023": {
        "tvl": 7271.7097784372445,
        "revenue": 0.2591054981369947,
        "volume": 84.24152944834714,
        "rr": 0.00003563199110411675,
        "apr": 0.013005676753002614
    },
    "2/17/2023": {
        "tvl": 7543.373076859325,
        "revenue": 0.2297665468314631,
        "volume": 76.7879115734372,
        "rr": 0.000030459390579038703,
        "apr": 0.011117677561349126
    },
    "2/18/2023": {
        "tvl": 7535.095969710428,
        "revenue": 0.10345433815225451,
        "volume": 34.57389091183113,
        "rr": 0.00001372966430263399,
        "apr": 0.005011327470461406
    },
    "2/19/2023": {
        "tvl": 7669.114077653032,
        "revenue": 0.2504574939384914,
        "volume": 84.12042170801342,
        "rr": 0.00003265794346028799,
        "apr": 0.011920149363005117
    },
    "2/20/2023": {
        "tvl": 7767.191579414582,
        "revenue": 0.2743167456073953,
        "volume": 91.71304406900316,
        "rr": 0.00003531736571741297,
        "apr": 0.012890838486855734
    },
    "2/21/2023": {
        "tvl": 7837.273436889729,
        "revenue": 1.2488212548763638,
        "volume": 417.1554523884519,
        "rr": 0.00015934384131580922,
        "apr": 0.05816050208027037
    },
    "2/22/2023": {
        "tvl": 8371.224165911239,
        "revenue": 1.659348732229095,
        "volume": 569.5430581414871,
        "rr": 0.000198220558826532,
        "apr": 0.07235050397168417
    },
    "2/23/2023": {
        "tvl": 8012.137681268724,
        "revenue": 0.396485,
        "volume": 124.72689595269661,
        "rr": 0.00004948554502837955,
        "apr": 0.018062223935358536
    },
    "2/24/2023": {
        "tvl": 7720.083923486942,
        "revenue": 0.530339,
        "volume": 167.75113155122054,
        "rr": 0.00006869601486928668,
        "apr": 0.025074045427289637
    },
    "2/25/2023": {
        "tvl": 7664.954029697817,
        "revenue": 0.43923760313182536,
        "volume": 146.69372159823655,
        "rr": 0.00005730466241937029,
        "apr": 0.020916201783070156
    },
    "2/26/2023": {
        "tvl": 7659.511707254992,
        "revenue": 0.02376088220962326,
        "volume": 7.936649430588738,
        "rr": 0.0000031021405956096726,
        "apr": 0.0011322813173975305
    },
    "2/27/2023": {
        "tvl": 7532.970978377457,
        "revenue": 0.117594,
        "volume": 38.28763329732114,
        "rr": 0.00001561057388081546,
        "apr": 0.005697859466497642
    },
    "2/28/2023": {
        "tvl": 7531.331163965313,
        "revenue": 0.287925685306757,
        "volume": 95.99018429073305,
        "rr": 0.000038230384382030225,
        "apr": 0.01395409029944103
    },
    "3/1/2023": {
        "tvl": 7514.042679485305,
        "revenue": 0.1661513177904894,
        "volume": 55.30014917368574,
        "rr": 0.000022112107274039384,
        "apr": 0.008070919155024375
    },
    "3/2/2023": {
        "tvl": 7230.387841282641,
        "revenue": 0.5719387206551816,
        "volume": 181.88771588584146,
        "rr": 0.00007910208044299351,
        "apr": 0.028872259361692628
    },
    "3/3/2023": {
        "tvl": 7448.151989641663,
        "revenue": 0.23287360066102478,
        "volume": 77.84051993185903,
        "rr": 0.00003126595711055415,
        "apr": 0.011412074345352265
    },
    "3/4/2023": {
        "tvl": 7441.363261291301,
        "revenue": 0.20245211852234776,
        "volume": 68.36980582914757,
        "rr": 0.00002720632112874654,
        "apr": 0.009930307211992485
    },
    "3/5/2023": {
        "tvl": 7316.525058515425,
        "revenue": 0.03686462314225772,
        "volume": 12.131065589450115,
        "rr": 0.000005038542593297399,
        "apr": 0.0018390680465535509
    },
    "3/6/2023": {
        "tvl": 7422.168593903119,
        "revenue": 0.1787162266652436,
        "volume": 59.74309505839679,
        "rr": 0.00002407870751036949,
        "apr": 0.008788728241284864
    },
    "3/7/2023": {
        "tvl": 7292.819463514064,
        "revenue": 0.27448359938744443,
        "volume": 89.51081831893661,
        "rr": 0.000037637514648577876,
        "apr": 0.013737692846730924
    },
    "3/8/2023": {
        "tvl": 7081.424322176477,
        "revenue": 0.27354,
        "volume": 87.63728569888013,
        "rr": 0.0000386278222508671,
        "apr": 0.014099155121566492
    },
    "3/9/2023": {
        "tvl": 6961.743514105411,
        "revenue": 0.40731189581851646,
        "volume": 134.01788230363934,
        "rr": 0.000058507167779630034,
        "apr": 0.021355116239564962
    },
    "3/10/2023": {
        "tvl": 7011.868889108308,
        "revenue": 0.7024193854345353,
        "volume": 236.20599955992864,
        "rr": 0.00010017577289923646,
        "apr": 0.03656415710822131
    },
    "3/11/2023": {
        "tvl": 6887.284035762699,
        "revenue": 0.9777711687865906,
        "volume": 319.55180625490027,
        "rr": 0.00014196759763492346,
        "apr": 0.05181817313674706
    },
    "3/12/2023": {
        "tvl": 7191.837940096975,
        "revenue": 1.1612952161807586,
        "volume": 394.3948852371845,
        "rr": 0.00016147405237069339,
        "apr": 0.05893802911530308
    },
    "3/13/2023": {
        "tvl": 7306.041296688909,
        "revenue": 0.4225314142605816,
        "volume": 142.9560224235656,
        "rr": 0.00005783315438581937,
        "apr": 0.02110910135082407
    },
    "3/14/2023": {
        "tvl": 7698.115481675066,
        "revenue": 0.9899383465510854,
        "volume": 334.6911245821413,
        "rr": 0.00012859489428387744,
        "apr": 0.04693713641361527
    },
    "3/15/2023": {
        "tvl": 7399.908089072552,
        "revenue": 0.38405621371784937,
        "volume": 123.14014458273914,
        "rr": 0.000051900132960433036,
        "apr": 0.018943548530558057
    },
    "3/16/2023": {
        "tvl": 7677.727602145145,
        "revenue": 0.23197989290638268,
        "volume": 77.59681868577964,
        "rr": 0.000030214655289615622,
        "apr": 0.011028349180709702
    },
    "3/17/2023": {
        "tvl": 7823.745614243467,
        "revenue": 0.3222510046888676,
        "volume": 108.25293077242017,
        "rr": 0.00004118883979333322,
        "apr": 0.015033926524566628
    },
    "3/18/2023": {
        "tvl": 7600.742460125128,
        "revenue": 0.151387,
        "volume": 49.05866231635569,
        "rr": 0.000019917396332556146,
        "apr": 0.007269849661382993
    },
    "3/19/2023": {
        "tvl": 7838.155981886917,
        "revenue": 0.20550339586251332,
        "volume": 68.90165535361817,
        "rr": 0.000026218334559481615,
        "apr": 0.00956969211421079
    },
    "3/20/2023": {
        "tvl": 7566.680739894095,
        "revenue": 0.322574972222367,
        "volume": 104.73367249956104,
        "rr": 0.00004263097430841014,
        "apr": 0.015560305622569702
    },
    "3/21/2023": {
        "tvl": 7507.511423443865,
        "revenue": 0.239582130861355,
        "volume": 79.45113035227286,
        "rr": 0.00003191232318517782,
        "apr": 0.011647997962589906
    },
    "3/22/2023": {
        "tvl": 7441.131325415612,
        "revenue": 0.38668279598491784,
        "volume": 129.2456752132198,
        "rr": 0.00005196559220291954,
        "apr": 0.018967441154065633
    },
    "3/23/2023": {
        "tvl": 7600.226894467135,
        "revenue": 0.2525285330567932,
        "volume": 84.42381889524577,
        "rr": 0.00003322644659998646,
        "apr": 0.012127653008995059
    },
    "3/24/2023": {
        "tvl": 7473.6956197202235,
        "revenue": 0.1441,
        "volume": 47.931825190573434,
        "rr": 0.000019280956481526386,
        "apr": 0.007037549115757131
    },
    "3/25/2023": {
        "tvl": 7379.4802242721225,
        "revenue": 0.9703316543660961,
        "volume": 322.15888807187775,
        "rr": 0.0001314905148975862,
        "apr": 0.04799403793761896
    }
}