{
    "9/30/2020": {
        "tvl": 19547.65494448531,
        "revenue": 13.853465832015225,
        "volume": 5297.856951225773,
        "rr": 0.0007087021881324694,
        "apr": 0.25867629866835135
    },
    "10/1/2020": {
        "tvl": 28291.8614153547,
        "revenue": 26.44669750537578,
        "volume": 12226.247964735285,
        "rr": 0.0009347811060258657,
        "apr": 0.341195103699441
    },
    "10/2/2020": {
        "tvl": 29613.5596592879,
        "revenue": 5.606499432351072,
        "volume": 2115.6984523039637,
        "rr": 0.0001893220368255414,
        "apr": 0.06910254344132262
    },
    "10/3/2020": {
        "tvl": 30961.75716730366,
        "revenue": 8.955564884266145,
        "volume": 3276.3827932152517,
        "rr": 0.0002892460152010827,
        "apr": 0.10557479554839519
    },
    "10/4/2020": {
        "tvl": 44886.27659796689,
        "revenue": 13.10493586595716,
        "volume": 4566.006423615883,
        "rr": 0.00029195863099392707,
        "apr": 0.10656490031278339
    },
    "10/5/2020": {
        "tvl": 46392.50650199365,
        "revenue": 4.832723661806092,
        "volume": 1676.9344394111183,
        "rr": 0.00010417035047671789,
        "apr": 0.038022177924002025
    },
    "10/6/2020": {
        "tvl": 45497.03068723448,
        "revenue": 1.9062299932236262,
        "volume": 643.7889302993601,
        "rr": 0.000041897898927247454,
        "apr": 0.015292733108445323
    },
    "10/7/2020": {
        "tvl": 45707.28866358379,
        "revenue": 2.1071146305265493,
        "volume": 714.7852628351071,
        "rr": 0.00004610018865996187,
        "apr": 0.016826568860886085
    },
    "10/8/2020": {
        "tvl": 46885.22506446097,
        "revenue": 2.203557711343783,
        "volume": 754.9532631325266,
        "rr": 0.00004699897906673549,
        "apr": 0.01715462735935845
    },
    "10/9/2020": {
        "tvl": 46680.92309547139,
        "revenue": 4.889221388590755,
        "volume": 1699.1106098743262,
        "rr": 0.00010473703312574528,
        "apr": 0.03822901709089702
    },
    "10/10/2020": {
        "tvl": 47361.65273295373,
        "revenue": 23.866200857281857,
        "volume": 8304.387094298543,
        "rr": 0.0005039140207342472,
        "apr": 0.18392861756800022
    },
    "10/11/2020": {
        "tvl": 49639.4596188392,
        "revenue": 5.489216332083015,
        "volume": 1813.3757258679914,
        "rr": 0.0001105817100796912,
        "apr": 0.040362324179087285
    },
    "10/12/2020": {
        "tvl": 51377.5556769388,
        "revenue": 2.9978457101522875,
        "volume": 1004.7771635738023,
        "rr": 0.000058349325316344175,
        "apr": 0.021297503740465625
    },
    "10/13/2020": {
        "tvl": 53976.61593887772,
        "revenue": 6.532654817625703,
        "volume": 2170.7716525006167,
        "rr": 0.00012102749874173623,
        "apr": 0.04417503704073372
    },
    "10/14/2020": {
        "tvl": 52711.95730013235,
        "revenue": 7.52842969698329,
        "volume": 2425.3896276997407,
        "rr": 0.00014282204802446952,
        "apr": 0.05213004752893138
    },
    "10/15/2020": {
        "tvl": 52941.24298027392,
        "revenue": 1.0035853734098987,
        "volume": 329.7027927291684,
        "rr": 0.000018956588793803687,
        "apr": 0.006919154909738346
    },
    "10/16/2020": {
        "tvl": 51792.51636054807,
        "revenue": 2.6493061328443956,
        "volume": 868.0275176373189,
        "rr": 0.00005115229610396865,
        "apr": 0.01867058807794856
    },
    "10/17/2020": {
        "tvl": 52127.31069823853,
        "revenue": 2.0041770961972376,
        "volume": 668.1142812710962,
        "rr": 0.00003844773630850214,
        "apr": 0.014033423752603282
    },
    "10/18/2020": {
        "tvl": 52288.73530605682,
        "revenue": 0.266865,
        "volume": 88.26277505108257,
        "rr": 0.000005103680523883085,
        "apr": 0.0018628433912173258
    },
    "10/19/2020": {
        "tvl": 52398.107925220116,
        "revenue": 0.363439,
        "volume": 120.76737122008856,
        "rr": 0.000006936109229720307,
        "apr": 0.0025316798688479122
    },
    "10/20/2020": {
        "tvl": 52200.09460846159,
        "revenue": 3.908842552646598,
        "volume": 1307.308963107705,
        "rr": 0.00007488190552078,
        "apr": 0.0273318955150847
    },
    "10/21/2020": {
        "tvl": 53185.90025578079,
        "revenue": 5.419759869070101,
        "volume": 1812.5131676646736,
        "rr": 0.00010190219293093616,
        "apr": 0.0371943004197917
    },
    "10/22/2020": {
        "tvl": 52520.66375519559,
        "revenue": 6.692250946491939,
        "volume": 2255.815530099552,
        "rr": 0.0001274212941726181,
        "apr": 0.046508772373005616
    },
    "10/23/2020": {
        "tvl": 63382.723123954784,
        "revenue": 5.233223897364558,
        "volume": 1722.9932543873572,
        "rr": 0.00008256546325928872,
        "apr": 0.030136394089640386
    },
    "10/24/2020": {
        "tvl": 62839.30558336273,
        "revenue": 2.7398333597842255,
        "volume": 922.2719808672863,
        "rr": 0.000043600630757282284,
        "apr": 0.015914230226408033
    },
    "10/25/2020": {
        "tvl": 63852.34408690639,
        "revenue": 6.122752191901163,
        "volume": 2010.1017893226458,
        "rr": 0.00009588923131103496,
        "apr": 0.03499956942852776
    },
    "10/26/2020": {
        "tvl": 53247.913385098764,
        "revenue": 5.770715838189373,
        "volume": 1877.5967962674908,
        "rr": 0.00010837449716488397,
        "apr": 0.039556691465182654
    },
    "10/27/2020": {
        "tvl": 53222.97940690787,
        "revenue": 14.587283263069061,
        "volume": 4951.342787212348,
        "rr": 0.00027407866725281,
        "apr": 0.10003871354727564
    },
    "10/28/2020": {
        "tvl": 51754.96464745042,
        "revenue": 7.247746589253156,
        "volume": 2409.9521540016194,
        "rr": 0.0001400396394553464,
        "apr": 0.051114468401201436
    },
    "10/29/2020": {
        "tvl": 50652.3510085387,
        "revenue": 3.1533767990772525,
        "volume": 1029.3678616329887,
        "rr": 0.00006225528995772917,
        "apr": 0.02272318083457115
    },
    "10/30/2020": {
        "tvl": 48882.79806798888,
        "revenue": 23.677109903623354,
        "volume": 7928.656577844949,
        "rr": 0.0004843648653395808,
        "apr": 0.176793175848947
    },
    "10/31/2020": {
        "tvl": 50196.35201199965,
        "revenue": 3.7714146135930444,
        "volume": 1257.260442215302,
        "rr": 0.00007513324101104942,
        "apr": 0.027423632969033034
    },
    "11/1/2020": {
        "tvl": 51208.92403275455,
        "revenue": 10.10699345630708,
        "volume": 3425.642277013613,
        "rr": 0.00019736781522381502,
        "apr": 0.07203925255669248
    },
    "11/2/2020": {
        "tvl": 49220.58327655337,
        "revenue": 7.4989113718796165,
        "volume": 2455.3664367465503,
        "rr": 0.00015235315944441043,
        "apr": 0.055608903197209805
    },
    "11/3/2020": {
        "tvl": 48027.38379235608,
        "revenue": 10.797471143460612,
        "volume": 3546.4666489274678,
        "rr": 0.00022481905718918445,
        "apr": 0.08205895587405233
    },
    "11/4/2020": {
        "tvl": 48306.94003153542,
        "revenue": 36.70125965850934,
        "volume": 12089.898477059114,
        "rr": 0.0007597512828291394,
        "apr": 0.2773092182326359
    },
    "11/5/2020": {
        "tvl": 50335.65025675644,
        "revenue": 7.050992832634161,
        "volume": 2417.5391398983243,
        "rr": 0.00014007950223485436,
        "apr": 0.051129018315721836
    },
    "11/6/2020": {
        "tvl": 52488.82842392557,
        "revenue": 21.457674024326167,
        "volume": 7413.5451813305335,
        "rr": 0.00040880459077926917,
        "apr": 0.14921367563443327
    },
    "11/7/2020": {
        "tvl": 51719.97698162413,
        "revenue": 5.070547994802425,
        "volume": 1644.8111402140385,
        "rr": 0.00009803848127395661,
        "apr": 0.035784045664994164
    },
    "11/8/2020": {
        "tvl": 52541.92688709041,
        "revenue": 2.51971292459648,
        "volume": 844.1583842351868,
        "rr": 0.00004795623369525824,
        "apr": 0.01750402529876926
    },
    "11/9/2020": {
        "tvl": 53139.091302882785,
        "revenue": 3.789426098875738,
        "volume": 1267.3697628483253,
        "rr": 0.00007131145840030882,
        "apr": 0.02602868231611272
    },
    "11/10/2020": {
        "tvl": 52883.749677670654,
        "revenue": 4.789562478199527,
        "volume": 1608.3907209980616,
        "rr": 0.0000905677548848592,
        "apr": 0.0330572305329736
    },
    "11/11/2020": {
        "tvl": 51869.3366033865,
        "revenue": 0.006616911613628334,
        "volume": 2.2057088982951245,
        "rr": 1.2756884986256642e-7,
        "apr": 0.00004656263019983675
    },
    "11/12/2020": {
        "tvl": 53835.233456049,
        "revenue": 15.271865784868528,
        "volume": 5073.884948168282,
        "rr": 0.0002836778965087326,
        "apr": 0.1035424322256874
    },
    "11/13/2020": {
        "tvl": 116992.8471140546,
        "revenue": 6.3818690066595,
        "volume": 2151.808854982992,
        "rr": 0.00005454922385500978,
        "apr": 0.01991046670707857
    },
    "11/14/2020": {
        "tvl": 116264.06953191562,
        "revenue": 1.8224061954584743,
        "volume": 599.0533015079843,
        "rr": 0.00001567471535097269,
        "apr": 0.005721271103105033
    },
    "11/15/2020": {
        "tvl": 114398.05520224369,
        "revenue": 1.1424896710149297,
        "volume": 366.55576109748466,
        "rr": 0.000009986967601810437,
        "apr": 0.00364524317466081
    },
    "11/16/2020": {
        "tvl": 119482.36098984396,
        "revenue": 6.847498992815982,
        "volume": 2305.4934872905123,
        "rr": 0.00005730970610296211,
        "apr": 0.020918042727581167
    },
    "11/17/2020": {
        "tvl": 121102.12531949609,
        "revenue": 2.5963498522707043,
        "volume": 870.1595682357014,
        "rr": 0.000021439341757387976,
        "apr": 0.007825359741446611
    },
    "11/18/2020": {
        "tvl": 157637.92265297307,
        "revenue": 22.801943403540676,
        "volume": 7811.401117009238,
        "rr": 0.0001446475760387764,
        "apr": 0.052796365254153384
    },
    "11/19/2020": {
        "tvl": 157362.46774432203,
        "revenue": 22.525788713767092,
        "volume": 7636.979069387726,
        "rr": 0.0001431458786625432,
        "apr": 0.05224824571182828
    },
    "11/20/2020": {
        "tvl": 158611.1753925556,
        "revenue": 10.506352192601536,
        "volume": 3362.624110473538,
        "rr": 0.00006623967174191089,
        "apr": 0.024177480185797472
    },
    "11/21/2020": {
        "tvl": 167945.67178086797,
        "revenue": 12.180989005401962,
        "volume": 4124.26592542346,
        "rr": 0.00007252934163909543,
        "apr": 0.026473209698269835
    },
    "11/22/2020": {
        "tvl": 166156.9600487212,
        "revenue": 22.706610470376443,
        "volume": 7733.67630593809,
        "rr": 0.00013665759450412623,
        "apr": 0.04988002199400607
    },
    "11/23/2020": {
        "tvl": 178054.6040893136,
        "revenue": 31.866630453215762,
        "volume": 10984.197680372952,
        "rr": 0.00017897111179012934,
        "apr": 0.06532445580339721
    },
    "11/24/2020": {
        "tvl": 175329.8267051099,
        "revenue": 35.366592999108065,
        "volume": 11891.26575723674,
        "rr": 0.00020171464070737783,
        "apr": 0.0736258438581929
    },
    "11/25/2020": {
        "tvl": 169777.60037819477,
        "revenue": 51.54846478154847,
        "volume": 16538.472596205298,
        "rr": 0.0003036234736898134,
        "apr": 0.11082256789678187
    },
    "11/26/2020": {
        "tvl": 174728.72694555097,
        "revenue": 51.3352889220882,
        "volume": 17175.120676076964,
        "rr": 0.00029379993673327295,
        "apr": 0.10723697690764464
    },
    "11/27/2020": {
        "tvl": 173435.6369522899,
        "revenue": 15.172293469620417,
        "volume": 5134.716365361036,
        "rr": 0.00008748082998532843,
        "apr": 0.031930502944644876
    },
    "11/28/2020": {
        "tvl": 175292.56998808472,
        "revenue": 11.526896803702774,
        "volume": 3856.859698129469,
        "rr": 0.00006575804556055228,
        "apr": 0.02400168662960158
    },
    "11/29/2020": {
        "tvl": 178846.99988908437,
        "revenue": 13.300715369114794,
        "volume": 4506.202557980732,
        "rr": 0.00007436923950283485,
        "apr": 0.027144772418534722
    },
    "11/30/2020": {
        "tvl": 180934.78689883262,
        "revenue": 15.508704893044778,
        "volume": 5262.043183213567,
        "rr": 0.00008571433475485437,
        "apr": 0.031285732185521845
    },
    "12/1/2020": {
        "tvl": 175861.31699864153,
        "revenue": 37.780881959764,
        "volume": 12504.742503058575,
        "rr": 0.00021483338464965462,
        "apr": 0.07841418539712394
    },
    "12/2/2020": {
        "tvl": 180046.72969259298,
        "revenue": 18.33653183034818,
        "volume": 6177.637039980684,
        "rr": 0.0001018431818320471,
        "apr": 0.03717276136869718
    },
    "12/3/2020": {
        "tvl": 179696.4301506853,
        "revenue": 8.877266737508782,
        "volume": 2964.211558402399,
        "rr": 0.000049401464069512714,
        "apr": 0.018031534385372142
    },
    "12/4/2020": {
        "tvl": 194566.67405933447,
        "revenue": 13.101955934588796,
        "volume": 4263.990958263936,
        "rr": 0.00006733915763289074,
        "apr": 0.024578792536005117
    },
    "12/5/2020": {
        "tvl": 196446.86944020557,
        "revenue": 1.8441159774691085,
        "volume": 617.4633529225083,
        "rr": 0.00000938735232953366,
        "apr": 0.003426383600279786
    },
    "12/6/2020": {
        "tvl": 196034.04967713848,
        "revenue": 1.2720525287068734,
        "volume": 422.7526362027752,
        "rr": 0.000006488936645454712,
        "apr": 0.00236846187559097
    },
    "12/7/2020": {
        "tvl": 193989.62661838654,
        "revenue": 4.094949776044678,
        "volume": 1353.8336715119283,
        "rr": 0.00002110911726275035,
        "apr": 0.007704827800903878
    },
    "12/8/2020": {
        "tvl": 178936.8351834784,
        "revenue": 23.014863115957606,
        "volume": 7438.095257863003,
        "rr": 0.0001286200412137535,
        "apr": 0.04694631504302003
    },
    "12/9/2020": {
        "tvl": 180880.43996651765,
        "revenue": 20.179939691697008,
        "volume": 6756.003873166685,
        "rr": 0.00011156507411985768,
        "apr": 0.040721252053748054
    },
    "12/10/2020": {
        "tvl": 177769.23226416772,
        "revenue": 6.2560109098723045,
        "volume": 2061.7214298259637,
        "rr": 0.000035191752983304664,
        "apr": 0.012844989838906203
    },
    "12/11/2020": {
        "tvl": 181096.62989404576,
        "revenue": 12.098350342227942,
        "volume": 4105.317877119419,
        "rr": 0.0000668060490651114,
        "apr": 0.02438420790876566
    },
    "12/12/2020": {
        "tvl": 181737.26990656153,
        "revenue": 44.45373366637343,
        "volume": 14739.883516813683,
        "rr": 0.00024460438791244575,
        "apr": 0.0892806015880427
    },
    "12/13/2020": {
        "tvl": 191673.3780007366,
        "revenue": 16.648103440591346,
        "volume": 5642.0265113668665,
        "rr": 0.00008685662878298816,
        "apr": 0.031702669505790676
    },
    "12/14/2020": {
        "tvl": 194614.35760433477,
        "revenue": 9.074513611893202,
        "volume": 3073.9785853856315,
        "rr": 0.00004662818161824603,
        "apr": 0.017019286290659803
    },
    "12/15/2020": {
        "tvl": 194558.2862726827,
        "revenue": 7.738513100717188,
        "volume": 2580.786298722555,
        "rr": 0.00003977478034459706,
        "apr": 0.014517794825777927
    },
    "12/16/2020": {
        "tvl": 199638.97849638807,
        "revenue": 14.62500104151948,
        "volume": 4917.490447495502,
        "rr": 0.00007325724240661791,
        "apr": 0.026738893478415533
    },
    "12/17/2020": {
        "tvl": 197679.46663575596,
        "revenue": 21.87251656874616,
        "volume": 7240.859851758629,
        "rr": 0.00011064637587801895,
        "apr": 0.04038592719547692
    },
    "12/18/2020": {
        "tvl": 197931.51914584351,
        "revenue": 7.288875370968319,
        "volume": 2438.0423934577802,
        "rr": 0.00003682523835730072,
        "apr": 0.013441212000414765
    },
    "12/19/2020": {
        "tvl": 188789.8531053631,
        "revenue": 13.800577610234328,
        "volume": 4591.461922623477,
        "rr": 0.00007310020842344882,
        "apr": 0.026681576074558816
    },
    "12/20/2020": {
        "tvl": 202409.0531327104,
        "revenue": 12.43700952736322,
        "volume": 4156.938908261557,
        "rr": 0.00006144492716543089,
        "apr": 0.02242739841538227
    },
    "12/21/2020": {
        "tvl": 195909.95552183062,
        "revenue": 18.034028366900536,
        "volume": 5970.5560342308945,
        "rr": 0.00009205263876899288,
        "apr": 0.0335992131506824
    },
    "12/22/2020": {
        "tvl": 196264.46664141605,
        "revenue": 14.134241953176836,
        "volume": 4718.987833492282,
        "rr": 0.00007201630633934735,
        "apr": 0.026285951813861782
    },
    "12/23/2020": {
        "tvl": 182905.89151897622,
        "revenue": 68.75122467926833,
        "volume": 22828.429556123905,
        "rr": 0.00037588305170659574,
        "apr": 0.13719731387290746
    },
    "12/24/2020": {
        "tvl": 189453.54261292383,
        "revenue": 40.45203237939477,
        "volume": 13724.603806955309,
        "rr": 0.00021351953529865153,
        "apr": 0.0779346303840078
    },
    "12/25/2020": {
        "tvl": 177416.05864997144,
        "revenue": 38.983720842988745,
        "volume": 13094.354143531631,
        "rr": 0.00021973050883686182,
        "apr": 0.08020163572545456
    },
    "12/26/2020": {
        "tvl": 179098.2673526859,
        "revenue": 23.627964427983233,
        "volume": 7922.120067468732,
        "rr": 0.00013192737583247696,
        "apr": 0.0481534921788541
    },
    "12/27/2020": {
        "tvl": 180782.798382238,
        "revenue": 43.25424501073404,
        "volume": 14592.789467921653,
        "rr": 0.00023926084449295588,
        "apr": 0.08733020823992889
    },
    "12/28/2020": {
        "tvl": 183719.4365524335,
        "revenue": 19.61494109656486,
        "volume": 6542.520234256947,
        "rr": 0.00010676573728205812,
        "apr": 0.03896949410795121
    },
    "12/29/2020": {
        "tvl": 197451.00342096863,
        "revenue": 67.53158216759513,
        "volume": 23468.733055560086,
        "rr": 0.00034201691051230943,
        "apr": 0.12483617233699294
    },
    "12/30/2020": {
        "tvl": 197586.82371741594,
        "revenue": 9.574558361724785,
        "volume": 3143.7972210384496,
        "rr": 0.00004845747394278727,
        "apr": 0.017686977989117354
    },
    "12/31/2020": {
        "tvl": 204256.5478029883,
        "revenue": 33.07793668115842,
        "volume": 11211.969182559667,
        "rr": 0.00016194309086758435,
        "apr": 0.05910922816666828
    },
    "1/1/2021": {
        "tvl": 208303.81101639444,
        "revenue": 73.18652009449757,
        "volume": 24686.611875653118,
        "rr": 0.0003513450845541057,
        "apr": 0.1282409558622486
    },
    "1/2/2021": {
        "tvl": 210872.54612616607,
        "revenue": 60.9962419428454,
        "volume": 20673.97464497744,
        "rr": 0.0002892564397944484,
        "apr": 0.10557860052497367
    },
    "1/3/2021": {
        "tvl": 225002.54873702308,
        "revenue": 115.26479289463143,
        "volume": 39554.86765423646,
        "rr": 0.0005122821654316006,
        "apr": 0.1869829903825342
    },
    "1/4/2021": {
        "tvl": 230554.551659909,
        "revenue": 257.4999402217755,
        "volume": 87162.73973767883,
        "rr": 0.0011168720737364302,
        "apr": 0.407658306913797
    },
    "1/5/2021": {
        "tvl": 236159.02428756122,
        "revenue": 71.03591861881326,
        "volume": 23742.3252260814,
        "rr": 0.0003007969686236327,
        "apr": 0.10979089354762592
    },
    "1/6/2021": {
        "tvl": 229744.03663480023,
        "revenue": 118.88239641980594,
        "volume": 39946.11544582822,
        "rr": 0.0005174558528750007,
        "apr": 0.18887138629937522
    },
    "1/7/2021": {
        "tvl": 219479.96686955768,
        "revenue": 119.4761656673542,
        "volume": 38794.10428219073,
        "rr": 0.0005443602319220405,
        "apr": 0.1986914846515448
    },
    "1/8/2021": {
        "tvl": 224760.91804010633,
        "revenue": 85.95614388170915,
        "volume": 29114.776785839153,
        "rr": 0.00038243367499669645,
        "apr": 0.1395882913737942
    },
    "1/9/2021": {
        "tvl": 235540.49218976343,
        "revenue": 101.18359782032745,
        "volume": 34307.35784652979,
        "rr": 0.00042958048053499346,
        "apr": 0.15679687539527262
    },
    "1/10/2021": {
        "tvl": 221942.9035973168,
        "revenue": 222.77607539449434,
        "volume": 72126.01282078744,
        "rr": 0.001003753991606279,
        "apr": 0.3663702069362919
    },
    "1/11/2021": {
        "tvl": 218780.43903114932,
        "revenue": 210.13809445453668,
        "volume": 71836.62058201351,
        "rr": 0.0009604976358266556,
        "apr": 0.3505816370767293
    },
    "1/12/2021": {
        "tvl": 218026.30151145929,
        "revenue": 163.35651031326466,
        "volume": 55426.46299513776,
        "rr": 0.0007492513938951479,
        "apr": 0.273476758771729
    },
    "1/13/2021": {
        "tvl": 225316.5219707193,
        "revenue": 52.88678325537969,
        "volume": 17727.551527414584,
        "rr": 0.00023472217124961888,
        "apr": 0.0856735925061109
    },
    "1/14/2021": {
        "tvl": 231886.7529336364,
        "revenue": 71.6912966237041,
        "volume": 24104.292274878255,
        "rr": 0.0003091651235645247,
        "apr": 0.11284527010105151
    },
    "1/15/2021": {
        "tvl": 244673.4444960531,
        "revenue": 158.9516303242893,
        "volume": 54882.544544746735,
        "rr": 0.0006496480672501155,
        "apr": 0.23712154454629217
    },
    "1/16/2021": {
        "tvl": 249215.04569941785,
        "revenue": 150.22147404975826,
        "volume": 50585.26884375049,
        "rr": 0.0006027785105356067,
        "apr": 0.22001415634549645
    },
    "1/17/2021": {
        "tvl": 246149.7779178031,
        "revenue": 103.98829020667452,
        "volume": 34906.29660643617,
        "rr": 0.0004224594110395638,
        "apr": 0.15419768502944078
    },
    "1/18/2021": {
        "tvl": 245564.10721450186,
        "revenue": 38.248279132942024,
        "volume": 12737.741042789392,
        "rr": 0.00015575679836439576,
        "apr": 0.056851231403004444
    },
    "1/19/2021": {
        "tvl": 240153.79116849205,
        "revenue": 46.20165141887291,
        "volume": 15005.287997847137,
        "rr": 0.00019238360216623774,
        "apr": 0.07022001479067677
    },
    "1/20/2021": {
        "tvl": 239861.7462117317,
        "revenue": 62.22272051760901,
        "volume": 20839.079092010114,
        "rr": 0.000259410770997571,
        "apr": 0.0946849314141134
    },
    "1/21/2021": {
        "tvl": 255037.85785400483,
        "revenue": 165.79532308949837,
        "volume": 58965.77825275579,
        "rr": 0.0006500812251348468,
        "apr": 0.23727964717421907
    },
    "1/22/2021": {
        "tvl": 280142.1338811248,
        "revenue": 124.65783094080591,
        "volume": 43079.94044666001,
        "rr": 0.00044498065754615504,
        "apr": 0.1624179400043466
    },
    "1/23/2021": {
        "tvl": 272227.5640002732,
        "revenue": 59.1475755264734,
        "volume": 19739.90509252434,
        "rr": 0.00021727254454811213,
        "apr": 0.07930447876006093
    },
    "1/24/2021": {
        "tvl": 269292.80862885166,
        "revenue": 40.59941408778092,
        "volume": 13652.39408113724,
        "rr": 0.0001507630831083068,
        "apr": 0.05502852533453198
    },
    "1/25/2021": {
        "tvl": 259061.72421198137,
        "revenue": 26.38150784317005,
        "volume": 8530.47208766751,
        "rr": 0.00010183483462644971,
        "apr": 0.03716971463865415
    },
    "1/26/2021": {
        "tvl": 256293.4482873811,
        "revenue": 29.670743581035257,
        "volume": 9825.430344259259,
        "rr": 0.0001157686385637355,
        "apr": 0.04225555307576346
    },
    "1/27/2021": {
        "tvl": 264531.6707298156,
        "revenue": 69.60171246610173,
        "volume": 23983.63672657537,
        "rr": 0.000263112965922295,
        "apr": 0.09603623256163767
    },
    "1/28/2021": {
        "tvl": 259666.17750186304,
        "revenue": 39.32100884691297,
        "volume": 12923.989019532726,
        "rr": 0.00015142907414898441,
        "apr": 0.05527161206437931
    },
    "1/29/2021": {
        "tvl": 259152.3437102884,
        "revenue": 34.07119740948981,
        "volume": 11283.314477575424,
        "rr": 0.00013147169314269713,
        "apr": 0.04798716799708445
    },
    "1/30/2021": {
        "tvl": 262103.38166530567,
        "revenue": 23.788872726946696,
        "volume": 7955.416149758374,
        "rr": 0.00009076141092038265,
        "apr": 0.03312791498593967
    },
    "1/31/2021": {
        "tvl": 258206.46824405907,
        "revenue": 84.313965662516,
        "volume": 28081.477841284974,
        "rr": 0.00032653700054803304,
        "apr": 0.11918600520003207
    },
    "2/1/2021": {
        "tvl": 259912.5260792276,
        "revenue": 29.82902527296901,
        "volume": 10051.53949011127,
        "rr": 0.00011476563181828491,
        "apr": 0.04188945561367399
    },
    "2/2/2021": {
        "tvl": 278564.60856716015,
        "revenue": 53.60513926830913,
        "volume": 18490.68504123245,
        "rr": 0.00019243341623343825,
        "apr": 0.07023819692520497
    },
    "2/3/2021": {
        "tvl": 300939.83338058554,
        "revenue": 76.5886025403953,
        "volume": 27852.498744877543,
        "rr": 0.00025449805590719866,
        "apr": 0.0928917904061275
    },
    "2/4/2021": {
        "tvl": 302792.47661661636,
        "revenue": 40.64951812926103,
        "volume": 13794.655559622099,
        "rr": 0.00013424877190964626,
        "apr": 0.049000801747020886
    },
    "2/5/2021": {
        "tvl": 299099.0067265949,
        "revenue": 92.10145504105282,
        "volume": 30699.049004464698,
        "rr": 0.0003079296586405663,
        "apr": 0.11239432540380673
    },
    "2/6/2021": {
        "tvl": 303084.8858908065,
        "revenue": 38.86465776038055,
        "volume": 12973.997073898741,
        "rr": 0.00012823027333135466,
        "apr": 0.04680404976594445
    },
    "2/7/2021": {
        "tvl": 318724.47540633264,
        "revenue": 83.35903007851329,
        "volume": 28377.8245747941,
        "rr": 0.00026153946907353525,
        "apr": 0.09546190621184036
    },
    "2/8/2021": {
        "tvl": 317814.26326784363,
        "revenue": 47.1899428213606,
        "volume": 15937.558303857699,
        "rr": 0.00014848277209506623,
        "apr": 0.05419621181469917
    },
    "2/9/2021": {
        "tvl": 334139.4043064164,
        "revenue": 102.18750592992703,
        "volume": 34852.692197240045,
        "rr": 0.00030582297272613155,
        "apr": 0.11162538504503801
    },
    "2/10/2021": {
        "tvl": 340984.47494318907,
        "revenue": 129.17655468964432,
        "volume": 44819.05318995368,
        "rr": 0.0003788341234924735,
        "apr": 0.13827445507475283
    },
    "2/11/2021": {
        "tvl": 343233.07155172987,
        "revenue": 125.47343444505984,
        "volume": 41665.9064424949,
        "rr": 0.000365563358675795,
        "apr": 0.13343062591666519
    },
    "2/12/2021": {
        "tvl": 326420.51592913317,
        "revenue": 327.2299756565483,
        "volume": 114334.80403877547,
        "rr": 0.0010024798065314951,
        "apr": 0.3659051293839958
    },
    "2/13/2021": {
        "tvl": 331194.4939432368,
        "revenue": 224.24254688140624,
        "volume": 77660.97315566939,
        "rr": 0.0006770720859865472,
        "apr": 0.24713131138508976
    },
    "2/14/2021": {
        "tvl": 296762.04405843635,
        "revenue": 252.00797419849582,
        "volume": 81871.11812155825,
        "rr": 0.0008491920690129501,
        "apr": 0.3099551051897268
    },
    "2/15/2021": {
        "tvl": 362127.21633409255,
        "revenue": 194.37752125360328,
        "volume": 65087.46337444112,
        "rr": 0.0005367658449462518,
        "apr": 0.1959195334053819
    },
    "2/16/2021": {
        "tvl": 347501.24697972875,
        "revenue": 99.32493095979109,
        "volume": 31824.01137410557,
        "rr": 0.0002858261137853849,
        "apr": 0.10432653153166549
    },
    "2/17/2021": {
        "tvl": 362879.95481549815,
        "revenue": 75.3083599863849,
        "volume": 25312.229293200355,
        "rr": 0.0002075296774788084,
        "apr": 0.07574833227976507
    },
    "2/18/2021": {
        "tvl": 367883.61118516355,
        "revenue": 67.41445273894318,
        "volume": 22605.621027593133,
        "rr": 0.00018324940467383873,
        "apr": 0.06688603270595114
    },
    "2/19/2021": {
        "tvl": 1.3885970350785506,
        "revenue": 70.48437836649893,
        "volume": 23745.013112509514,
        "rr": 50.75941874131378,
        "apr": 18527.187840579532
    },
    "2/21/2021": {
        "tvl": 7.393169505449947,
        "revenue": 0,
        "volume": 4.015567651291312,
        "rr": 0,
        "apr": 0
    },
    "3/18/2021": {
        "tvl": 6.656348094267252,
        "revenue": 0.001035345406418119,
        "volume": 0.36996053723397576,
        "rr": 0.00015554255753388337,
        "apr": 0.056773033499867426
    },
    "11/11/2021": {
        "tvl": 8.523664500945777,
        "revenue": 0,
        "volume": 0,
        "rr": 0,
        "apr": 0
    }
}