{
    "4/19/2021": {
        "tvl": 9123.7530980111,
        "revenue": 22.264475972261646,
        "volume": 7137.424207493578,
        "rr": 0.002440276028196676,
        "apr": 0.8907007502917867
    },
    "4/20/2021": {
        "tvl": 13536.122109211841,
        "revenue": 4.95140137425303,
        "volume": 1672.9741708918737,
        "rr": 0.0003657917189505416,
        "apr": 0.13351397741694768
    },
    "4/21/2021": {
        "tvl": 11769.057079767395,
        "revenue": 1.2038560559858253,
        "volume": 380.2930514866028,
        "rr": 0.00010228993264510689,
        "apr": 0.03733582541546402
    },
    "4/22/2021": {
        "tvl": 37409.88774678221,
        "revenue": 69.50822993672175,
        "volume": 26467.96728241888,
        "rr": 0.0018580176023837564,
        "apr": 0.6781764248700711
    },
    "4/23/2021": {
        "tvl": 58406.971107013705,
        "revenue": 14.902172779178525,
        "volume": 4907.328864579528,
        "rr": 0.0002551437353577991,
        "apr": 0.09312746340559669
    },
    "4/24/2021": {
        "tvl": 56849.15484390258,
        "revenue": 8.579646541242234,
        "volume": 2616.243091481207,
        "rr": 0.00015091950909033527,
        "apr": 0.05508562081797238
    },
    "4/25/2021": {
        "tvl": 58617.429088222576,
        "revenue": 35.41223511289347,
        "volume": 12155.150900855526,
        "rr": 0.0006041246718547829,
        "apr": 0.22050550522699577
    },
    "4/26/2021": {
        "tvl": 79016.84699061813,
        "revenue": 30.388353603250888,
        "volume": 10428.637856604424,
        "rr": 0.0003845806908349428,
        "apr": 0.1403719521547541
    },
    "4/27/2021": {
        "tvl": 80231.68281678711,
        "revenue": 32.18427961837699,
        "volume": 11297.762814802329,
        "rr": 0.00040114177452654624,
        "apr": 0.14641674770218938
    },
    "4/28/2021": {
        "tvl": 79826.00408431161,
        "revenue": 11.785737952933701,
        "volume": 3864.697847069209,
        "rr": 0.0001476428400510402,
        "apr": 0.053889636618629666
    },
    "4/29/2021": {
        "tvl": 78929.51560473701,
        "revenue": 4.89082293433969,
        "volume": 1570.4188383710568,
        "rr": 0.0000619644362044731,
        "apr": 0.02261701921463268
    },
    "4/30/2021": {
        "tvl": 82307.43290708291,
        "revenue": 4.3538658616781145,
        "volume": 1460.0258288504976,
        "rr": 0.00005289760241451347,
        "apr": 0.019307624881297416
    },
    "5/1/2021": {
        "tvl": 83623.11599552902,
        "revenue": 9.70196321696708,
        "volume": 3268.631733471541,
        "rr": 0.0001160201112032922,
        "apr": 0.04234734058920166
    },
    "5/2/2021": {
        "tvl": 83001.1845180844,
        "revenue": 3.0256933077961663,
        "volume": 1009.5599285320777,
        "rr": 0.00003645361599793705,
        "apr": 0.013305569839247022
    },
    "5/3/2021": {
        "tvl": 83096.81154247769,
        "revenue": 4.141756718386885,
        "volume": 1365.0566905293254,
        "rr": 0.000049842546801807055,
        "apr": 0.018192529582659576
    },
    "5/4/2021": {
        "tvl": 82108.91852580458,
        "revenue": 10.42665171558062,
        "volume": 3415.0902325927627,
        "rr": 0.00012698561743087396,
        "apr": 0.046349750362269
    },
    "5/5/2021": {
        "tvl": 89081.70459642798,
        "revenue": 36.32176985457683,
        "volume": 12454.49625446831,
        "rr": 0.0004077354605990922,
        "apr": 0.14882344311866863
    },
    "5/6/2021": {
        "tvl": 35084.67662256354,
        "revenue": 48.10355110208294,
        "volume": 16184.71720664215,
        "rr": 0.0013710701004764783,
        "apr": 0.5004405866739146
    },
    "5/7/2021": {
        "tvl": 34058.972744421335,
        "revenue": 9.694489816912775,
        "volume": 3181.4088175690463,
        "rr": 0.0002846383503595444,
        "apr": 0.10389299788123371
    },
    "5/8/2021": {
        "tvl": 33562.98635703865,
        "revenue": 9.356059104084114,
        "volume": 3100.813841012385,
        "rr": 0.00027876122239408566,
        "apr": 0.10174784617384125
    },
    "5/9/2021": {
        "tvl": 33898.219451282326,
        "revenue": 3.5344045033474827,
        "volume": 1194.9190605504396,
        "rr": 0.0001042651962421519,
        "apr": 0.03805679662838545
    },
    "5/10/2021": {
        "tvl": 30602.71578314849,
        "revenue": 17.28510074342449,
        "volume": 5523.980963150938,
        "rr": 0.0005648224447106946,
        "apr": 0.20616019231940352
    },
    "5/11/2021": {
        "tvl": 33253.007265673936,
        "revenue": 25.765385589837862,
        "volume": 9220.944608841311,
        "rr": 0.0007748287360594506,
        "apr": 0.28281248866169945
    },
    "5/12/2021": {
        "tvl": 31480.55720137554,
        "revenue": 51.96915267014054,
        "volume": 17806.728007409147,
        "rr": 0.0016508333171393087,
        "apr": 0.6025541607558477
    },
    "5/13/2021": {
        "tvl": 50968.647765831054,
        "revenue": 20.353634180526058,
        "volume": 6787.865201021255,
        "rr": 0.00039933635818706104,
        "apr": 0.14575777073827728
    },
    "5/14/2021": {
        "tvl": 52087.31313576185,
        "revenue": 12.481623866059829,
        "volume": 4180.691128821141,
        "rr": 0.00023962886765779934,
        "apr": 0.08746453669509677
    },
    "5/15/2021": {
        "tvl": 50047.93134211073,
        "revenue": 13.856965391608021,
        "volume": 4571.164330090126,
        "rr": 0.00027687388909017026,
        "apr": 0.10105896951791214
    },
    "5/16/2021": {
        "tvl": 46931.73790740579,
        "revenue": 10.66685736923553,
        "volume": 3306.0964586751566,
        "rr": 0.00022728451672258035,
        "apr": 0.08295884860374182
    },
    "5/17/2021": {
        "tvl": 88443.24307582177,
        "revenue": 42.90557230197705,
        "volume": 14443.65942580987,
        "rr": 0.00048511984420555914,
        "apr": 0.1770687431350291
    },
    "5/18/2021": {
        "tvl": 88910.70241292655,
        "revenue": 62.67094184462385,
        "volume": 20500.999334382213,
        "rr": 0.0007048751178858334,
        "apr": 0.2572794180283292
    },
    "5/19/2021": {
        "tvl": 78688.62025340744,
        "revenue": 124.69364080937368,
        "volume": 37110.27819052795,
        "rr": 0.0015846464254654928,
        "apr": 0.5783959452949049
    },
    "5/20/2021": {
        "tvl": 89546.63291002401,
        "revenue": 91.24722155458107,
        "volume": 30900.506590318553,
        "rr": 0.0010189910953577205,
        "apr": 0.371931749805568
    },
    "5/21/2021": {
        "tvl": 91180.21183803836,
        "revenue": 96.74875851110413,
        "volume": 30696.6901645609,
        "rr": 0.0010610718768997497,
        "apr": 0.3872912350684086
    },
    "5/22/2021": {
        "tvl": 90626.22874969013,
        "revenue": 27.8721864479366,
        "volume": 9190.825816433726,
        "rr": 0.00030755099083864173,
        "apr": 0.11225611165610423
    },
    "5/23/2021": {
        "tvl": 84481.4011226282,
        "revenue": 178.527979109881,
        "volume": 60980.35252460544,
        "rr": 0.0021132222801411677,
        "apr": 0.7713261322515262
    },
    "5/24/2021": {
        "tvl": 92681.219067396,
        "revenue": 49.60767332958615,
        "volume": 16709.665414214793,
        "rr": 0.0005352505483717516,
        "apr": 0.19536645015568932
    },
    "5/25/2021": {
        "tvl": 96417.58427241785,
        "revenue": 25.456419501359765,
        "volume": 8731.115609214801,
        "rr": 0.0002640225814975337,
        "apr": 0.09636824224659979
    },
    "5/26/2021": {
        "tvl": 94624.54168451579,
        "revenue": 55.74895161045252,
        "volume": 18202.533583817345,
        "rr": 0.0005891595416791877,
        "apr": 0.21504323271290351
    },
    "5/27/2021": {
        "tvl": 98286.68109842416,
        "revenue": 69.87124258032128,
        "volume": 23701.07938343965,
        "rr": 0.0007108922775645695,
        "apr": 0.2594756813110679
    },
    "5/28/2021": {
        "tvl": 112113.10800708273,
        "revenue": 77.08093871076667,
        "volume": 26016.495024016658,
        "rr": 0.0006875283370602579,
        "apr": 0.25094784302699413
    },
    "5/29/2021": {
        "tvl": 107786.45300586999,
        "revenue": 21.3017092212663,
        "volume": 7079.35700656185,
        "rr": 0.0001976288172327762,
        "apr": 0.07213451828996331
    },
    "5/30/2021": {
        "tvl": 107055.78027135083,
        "revenue": 18.431570418158636,
        "volume": 5998.212322898088,
        "rr": 0.0001721679144408712,
        "apr": 0.06284128877091798
    },
    "5/31/2021": {
        "tvl": 111435.43245806577,
        "revenue": 513.9738233117555,
        "volume": 179838.54115159583,
        "rr": 0.004612301599001456,
        "apr": 1.6834900836355313
    },
    "6/1/2021": {
        "tvl": 115180.97237866983,
        "revenue": 329.9186941982273,
        "volume": 115723.9455873978,
        "rr": 0.0028643506595306743,
        "apr": 1.045487990728696
    },
    "6/2/2021": {
        "tvl": 117043.95817274845,
        "revenue": 612.7508051832974,
        "volume": 225579.84472679807,
        "rr": 0.005235219440194609,
        "apr": 1.9108550956710326
    },
    "6/3/2021": {
        "tvl": 115737.44378194462,
        "revenue": 403.5013298657911,
        "volume": 142678.89358136622,
        "rr": 0.0034863508012671217,
        "apr": 1.2725180424624996
    },
    "6/4/2021": {
        "tvl": 130141.71763672348,
        "revenue": 198.9025723103814,
        "volume": 71803.46035628312,
        "rr": 0.0015283536741507932,
        "apr": 0.5578490910650395
    },
    "6/5/2021": {
        "tvl": 126683.23772591952,
        "revenue": 117.69690832969627,
        "volume": 41819.20282881371,
        "rr": 0.0009290645743072555,
        "apr": 0.33910856962214825
    },
    "6/6/2021": {
        "tvl": 134110.07728186887,
        "revenue": 132.43908081691717,
        "volume": 48754.82530395602,
        "rr": 0.0009875401125790148,
        "apr": 0.36045214109134044
    },
    "6/7/2021": {
        "tvl": 122865.81595391098,
        "revenue": 91.70089191279274,
        "volume": 30069.994244114987,
        "rr": 0.0007463499200395273,
        "apr": 0.27241772081442744
    },
    "6/8/2021": {
        "tvl": 169737.6233439127,
        "revenue": 313.9338895272856,
        "volume": 104393.41018086161,
        "rr": 0.0018495244798568354,
        "apr": 0.6750764351477448
    },
    "6/9/2021": {
        "tvl": 173369.38508112615,
        "revenue": 167.69409610372114,
        "volume": 57025.05956029587,
        "rr": 0.0009672647568384156,
        "apr": 0.3530516362460217
    },
    "6/10/2021": {
        "tvl": 167552.63868476826,
        "revenue": 46.898139808381465,
        "volume": 15185.546445176673,
        "rr": 0.00027990093248614914,
        "apr": 0.10216384035744445
    },
    "6/11/2021": {
        "tvl": 163993.73690688174,
        "revenue": 140.0813911919908,
        "volume": 47669.59069897833,
        "rr": 0.0008541874454115968,
        "apr": 0.31177841757523284
    },
    "6/12/2021": {
        "tvl": 163372.21812414576,
        "revenue": 80.68663219679975,
        "volume": 26911.97042148396,
        "rr": 0.0004938822103491695,
        "apr": 0.18026700677744686
    },
    "6/13/2021": {
        "tvl": 168466.95876002478,
        "revenue": 86.8493836768861,
        "volume": 29735.07939667224,
        "rr": 0.0005155276994143402,
        "apr": 0.1881676102862342
    },
    "6/14/2021": {
        "tvl": 170873.026826476,
        "revenue": 55.06066953383477,
        "volume": 18586.263645582523,
        "rr": 0.0003222314870664149,
        "apr": 0.11761449277924144
    },
    "6/15/2021": {
        "tvl": 169108.03238073416,
        "revenue": 51.743853582682384,
        "volume": 17390.053607733673,
        "rr": 0.00030598105160484007,
        "apr": 0.11168308383576661
    },
    "6/16/2021": {
        "tvl": 168267.2853174121,
        "revenue": 255.8428818165496,
        "volume": 95084.90847951749,
        "rr": 0.0015204552764605352,
        "apr": 0.5549661759080954
    },
    "6/17/2021": {
        "tvl": 172049.29958168074,
        "revenue": 140.6532457203543,
        "volume": 48025.87595151335,
        "rr": 0.0008175171073775799,
        "apr": 0.29839374419281667
    },
    "6/18/2021": {
        "tvl": 163672.41055447437,
        "revenue": 128.08243532161273,
        "volume": 42862.6686840112,
        "rr": 0.0007825536074632665,
        "apr": 0.28563206672409225
    },
    "6/19/2021": {
        "tvl": 163737.2274200235,
        "revenue": 138.22969345422715,
        "volume": 46805.744436293615,
        "rr": 0.0008442166490314161,
        "apr": 0.3081390768964669
    },
    "6/20/2021": {
        "tvl": 162800.15209487895,
        "revenue": 237.20193048831976,
        "volume": 80295.31055541565,
        "rr": 0.0014570129538336051,
        "apr": 0.5318097281492659
    },
    "6/21/2021": {
        "tvl": 153081.2581715729,
        "revenue": 258.9418740658156,
        "volume": 86521.3498325703,
        "rr": 0.0016915321781298305,
        "apr": 0.6174092450173881
    },
    "6/22/2021": {
        "tvl": 151946.67384703452,
        "revenue": 256.6014015033132,
        "volume": 89723.45517928811,
        "rr": 0.0016887595825995844,
        "apr": 0.6163972476488483
    },
    "6/23/2021": {
        "tvl": 152798.62625653375,
        "revenue": 135.9683863450044,
        "volume": 46588.560194349324,
        "rr": 0.0008898534605718703,
        "apr": 0.32479651310873264
    },
    "6/24/2021": {
        "tvl": 158237.23436751816,
        "revenue": 347.9859312787194,
        "volume": 121087.84118421502,
        "rr": 0.0021991406300143953,
        "apr": 0.8026863299552544
    },
    "6/25/2021": {
        "tvl": 152299.69297851287,
        "revenue": 338.73818971075985,
        "volume": 117910.49295515176,
        "rr": 0.0022241554338428677,
        "apr": 0.8118167333526467
    },
    "6/26/2021": {
        "tvl": 219839.6940717015,
        "revenue": 167.08004638966483,
        "volume": 57259.34358408572,
        "rr": 0.0007600085466602363,
        "apr": 0.27740311953098623
    },
    "6/27/2021": {
        "tvl": 220322.39597039038,
        "revenue": 224.34102345720953,
        "volume": 75908.59883643317,
        "rr": 0.0010182397593722576,
        "apr": 0.37165751217087395
    },
    "6/28/2021": {
        "tvl": 228392.58314229827,
        "revenue": 194.5594267304294,
        "volume": 67522.39053289343,
        "rr": 0.0008518640318946375,
        "apr": 0.3109303716415427
    },
    "6/29/2021": {
        "tvl": 176751.41514964608,
        "revenue": 263.54646121771214,
        "volume": 90082.38148327707,
        "rr": 0.0014910571493562373,
        "apr": 0.5442358595150266
    },
    "6/30/2021": {
        "tvl": 252177.9975122638,
        "revenue": 355.4431979141511,
        "volume": 124933.0870529767,
        "rr": 0.0014094933000523384,
        "apr": 0.5144650545191035
    },
    "7/1/2021": {
        "tvl": 244209.9680488574,
        "revenue": 305.43216774691024,
        "volume": 102635.47154201427,
        "rr": 0.0012506949253021668,
        "apr": 0.45650364773529084
    },
    "7/2/2021": {
        "tvl": 246310.517687032,
        "revenue": 118.30236339960986,
        "volume": 40426.815228518244,
        "rr": 0.0004802976523719854,
        "apr": 0.17530864311577468
    },
    "7/3/2021": {
        "tvl": 257534.7949636991,
        "revenue": 105.04102091695985,
        "volume": 35877.18279993049,
        "rr": 0.00040787118079235057,
        "apr": 0.14887298098920798
    },
    "7/4/2021": {
        "tvl": 256793.80870957233,
        "revenue": 187.36665205787583,
        "volume": 63001.5666569088,
        "rr": 0.0007296385103652675,
        "apr": 0.26631805628332267
    },
    "7/5/2021": {
        "tvl": 252483.93500461726,
        "revenue": 152.8846919027551,
        "volume": 52175.33609609326,
        "rr": 0.0006055224539333928,
        "apr": 0.22101569568568838
    },
    "7/6/2021": {
        "tvl": 251691.2706442336,
        "revenue": 198.09994086728508,
        "volume": 68048.3537234148,
        "rr": 0.0007870751351853596,
        "apr": 0.2872824243426563
    },
    "7/7/2021": {
        "tvl": 247235.92240888483,
        "revenue": 725.2169556235393,
        "volume": 257700.28320168224,
        "rr": 0.002933299289834419,
        "apr": 1.070654240789563
    },
    "7/8/2021": {
        "tvl": 240247.69329001228,
        "revenue": 302.4078194355113,
        "volume": 107849.63370885946,
        "rr": 0.001258733498308611,
        "apr": 0.45943772688264295
    },
    "7/9/2021": {
        "tvl": 244566.4451784717,
        "revenue": 300.59759839696073,
        "volume": 104277.11183562658,
        "rr": 0.0012291040096592174,
        "apr": 0.4486229635256143
    },
    "7/10/2021": {
        "tvl": 228574.42126926288,
        "revenue": 202.41531560497768,
        "volume": 69591.1735490624,
        "rr": 0.0008855554111478225,
        "apr": 0.32322772506895525
    },
    "7/11/2021": {
        "tvl": 236495.23884376354,
        "revenue": 115.55948178761201,
        "volume": 40086.26906362746,
        "rr": 0.0004886334386797291,
        "apr": 0.1783512051181011
    },
    "7/12/2021": {
        "tvl": 240052.38893053864,
        "revenue": 432.1757717866132,
        "volume": 149456.0262836791,
        "rr": 0.0018003393913803842,
        "apr": 0.6571238778538403
    },
    "7/13/2021": {
        "tvl": 228933.7840702912,
        "revenue": 163.6003576524836,
        "volume": 53239.88043781021,
        "rr": 0.0007146186759497768,
        "apr": 0.26083581672166856
    },
    "7/14/2021": {
        "tvl": 240987.09238746588,
        "revenue": 246.93303591049045,
        "volume": 84510.54853643046,
        "rr": 0.0010246732862914686,
        "apr": 0.37400574949638604
    },
    "7/15/2021": {
        "tvl": 241615.49423220032,
        "revenue": 110.32262684478515,
        "volume": 37248.29005815619,
        "rr": 0.0004566041064351673,
        "apr": 0.16666049884883608
    },
    "7/16/2021": {
        "tvl": 239744.71093429194,
        "revenue": 267.6128848740277,
        "volume": 88464.77166468913,
        "rr": 0.0011162410375233419,
        "apr": 0.40742797869601977
    },
    "7/17/2021": {
        "tvl": 243228.74954846472,
        "revenue": 189.33533376303154,
        "volume": 64757.024553561576,
        "rr": 0.0007784249769590062,
        "apr": 0.28412511659003725
    },
    "7/18/2021": {
        "tvl": 234231.32142176843,
        "revenue": 140.10536850746828,
        "volume": 47022.95760219453,
        "rr": 0.0005981495884369268,
        "apr": 0.21832459977947827
    },
    "7/19/2021": {
        "tvl": 222217.57973768248,
        "revenue": 128.91627168971308,
        "volume": 41978.591993800226,
        "rr": 0.0005801353423158183,
        "apr": 0.2117493999452737
    },
    "7/20/2021": {
        "tvl": 224381.73584032222,
        "revenue": 310.0923750357646,
        "volume": 107360.42838037395,
        "rr": 0.001381985810362199,
        "apr": 0.5044248207822026
    },
    "7/21/2021": {
        "tvl": 243770.94565759832,
        "revenue": 360.2509064032811,
        "volume": 123165.76975212153,
        "rr": 0.0014778254456513083,
        "apr": 0.5394062876627276
    },
    "7/22/2021": {
        "tvl": 252265.20591956697,
        "revenue": 299.0341228535345,
        "volume": 102515.18297456857,
        "rr": 0.0011853958288202435,
        "apr": 0.4326694775193889
    },
    "7/23/2021": {
        "tvl": 261634.9828176792,
        "revenue": 160.29695208630667,
        "volume": 56344.287889262436,
        "rr": 0.0006126740023829684,
        "apr": 0.22362601086978343
    },
    "7/24/2021": {
        "tvl": 269476.80329140415,
        "revenue": 272.52043572732913,
        "volume": 92539.41579809299,
        "rr": 0.0010112945990109349,
        "apr": 0.36912252863899125
    },
    "7/25/2021": {
        "tvl": 280603.2364085767,
        "revenue": 192.1766723859801,
        "volume": 66647.61943223097,
        "rr": 0.0006848697643178935,
        "apr": 0.24997746397603118
    },
    "7/26/2021": {
        "tvl": 273610.6118821216,
        "revenue": 290.89346832532954,
        "volume": 95780.13970369055,
        "rr": 0.0010631658849937218,
        "apr": 0.3880555480227085
    },
    "7/27/2021": {
        "tvl": 276104.0289727611,
        "revenue": 153.10892799338347,
        "volume": 54210.44109366578,
        "rr": 0.0005545334798735891,
        "apr": 0.20240472015386
    },
    "7/28/2021": {
        "tvl": 273095.84081477305,
        "revenue": 125.00292272820722,
        "volume": 42759.08301619642,
        "rr": 0.0004577254723296585,
        "apr": 0.16706979740032535
    },
    "7/29/2021": {
        "tvl": 280298.54748280335,
        "revenue": 219.2078488223278,
        "volume": 77280.67614400186,
        "rr": 0.000782051319177016,
        "apr": 0.28544873149961086
    },
    "7/30/2021": {
        "tvl": 286554.024107445,
        "revenue": 196.92063042293424,
        "volume": 67867.92519254891,
        "rr": 0.0006872024604655274,
        "apr": 0.2508288980699175
    },
    "7/31/2021": {
        "tvl": 294463.0753080271,
        "revenue": 154.04145198490858,
        "volume": 52648.04499259616,
        "rr": 0.0005231265476113479,
        "apr": 0.19094118987814201
    },
    "8/1/2021": {
        "tvl": 289910.754097715,
        "revenue": 209.7209473436163,
        "volume": 69748.59544883158,
        "rr": 0.0007233983023373097,
        "apr": 0.26404038035311805
    },
    "8/2/2021": {
        "tvl": 315769.94291423424,
        "revenue": 245.57658818445947,
        "volume": 83165.39221482229,
        "rr": 0.000777707295121373,
        "apr": 0.2838631627193011
    },
    "8/3/2021": {
        "tvl": 313143.0663964405,
        "revenue": 73.9369330755314,
        "volume": 24796.89771188851,
        "rr": 0.00023611231098416503,
        "apr": 0.08618099350922025
    },
    "8/4/2021": {
        "tvl": 323144.8773776184,
        "revenue": 191.64991437488914,
        "volume": 65624.1047736138,
        "rr": 0.000593077371147469,
        "apr": 0.21647324046882618
    },
    "8/5/2021": {
        "tvl": 322590.3703649836,
        "revenue": 71.8349363797997,
        "volume": 23913.2756981099,
        "rr": 0.00022268158934355222,
        "apr": 0.08127878011039656
    },
    "8/6/2021": {
        "tvl": 336346.03302012035,
        "revenue": 140.09718629089915,
        "volume": 48325.61785411064,
        "rr": 0.00041652694706382484,
        "apr": 0.15203233567829605
    },
    "8/7/2021": {
        "tvl": 296960.9400833469,
        "revenue": 173.59747214436072,
        "volume": 57832.99431117286,
        "rr": 0.0005845801541968374,
        "apr": 0.21337175628184563
    },
    "8/8/2021": {
        "tvl": 271217.4687654526,
        "revenue": 217.16030579372725,
        "volume": 71391.16333971998,
        "rr": 0.0008006870161505942,
        "apr": 0.2922507608949669
    },
    "8/9/2021": {
        "tvl": 278220.52274160204,
        "revenue": 243.01567116534304,
        "volume": 81956.6514148415,
        "rr": 0.0008734642174152063,
        "apr": 0.3188144393565503
    },
    "8/10/2021": {
        "tvl": 273957.91989774286,
        "revenue": 417.3769084829186,
        "volume": 146122.05400718105,
        "rr": 0.0015235073643379542,
        "apr": 0.5560801879833533
    },
    "8/11/2021": {
        "tvl": 284069.3540475636,
        "revenue": 103.04233766900086,
        "volume": 35326.54568899876,
        "rr": 0.00036273655077818706,
        "apr": 0.13239884103403826
    },
    "8/12/2021": {
        "tvl": 276459.4943101345,
        "revenue": 105.85493558932966,
        "volume": 35447.20244264907,
        "rr": 0.0003828949186696433,
        "apr": 0.1397566453144198
    },
    "8/13/2021": {
        "tvl": 288296.7916796884,
        "revenue": 185.77870774104656,
        "volume": 63226.10034062716,
        "rr": 0.0006444008851387277,
        "apr": 0.23520632307563558
    },
    "8/14/2021": {
        "tvl": 309956.40815563814,
        "revenue": 189.47289701322157,
        "volume": 65853.12456672352,
        "rr": 0.0006112888523281691,
        "apr": 0.2231204310997817
    },
    "8/15/2021": {
        "tvl": 313240.27769958094,
        "revenue": 177.72444211512817,
        "volume": 64091.03567635636,
        "rr": 0.0005673741685466713,
        "apr": 0.20709157151953503
    },
    "8/16/2021": {
        "tvl": 307345.0165673455,
        "revenue": 153.06504381423278,
        "volume": 51458.21522587831,
        "rr": 0.0004980235096172224,
        "apr": 0.1817785810102862
    },
    "8/17/2021": {
        "tvl": 283298.9449177484,
        "revenue": 174.37531611416392,
        "volume": 56038.65680809073,
        "rr": 0.0006155169980064386,
        "apr": 0.22466370427235013
    },
    "8/18/2021": {
        "tvl": 285736.45382734365,
        "revenue": 167.05479340480005,
        "volume": 56328.23006397317,
        "rr": 0.0005846464151393961,
        "apr": 0.2133959415258796
    },
    "8/19/2021": {
        "tvl": 295356.3904573122,
        "revenue": 314.9078393695227,
        "volume": 109390.67434719244,
        "rr": 0.0010661961262525526,
        "apr": 0.38916158608218177
    },
    "8/20/2021": {
        "tvl": 309233.64481197007,
        "revenue": 528.1965759448202,
        "volume": 183698.9968041571,
        "rr": 0.0017080824962173533,
        "apr": 0.6234501111193339
    },
    "8/21/2021": {
        "tvl": 313362.5599622242,
        "revenue": 543.8934760641778,
        "volume": 182664.8477602189,
        "rr": 0.0017356683457326364,
        "apr": 0.6335189461924123
    },
    "8/22/2021": {
        "tvl": 311626.09723988915,
        "revenue": 340.9866025844581,
        "volume": 115192.02691036796,
        "rr": 0.00109421709415424,
        "apr": 0.3993892393662976
    },
    "8/23/2021": {
        "tvl": 333116.1324110055,
        "revenue": 646.2426727015214,
        "volume": 215560.16705101513,
        "rr": 0.0019399921223394068,
        "apr": 0.7080971246538835
    },
    "8/24/2021": {
        "tvl": 338986.6370757245,
        "revenue": 358.6846022925638,
        "volume": 122985.75156456744,
        "rr": 0.001058108382639399,
        "apr": 0.38620955966338066
    },
    "8/25/2021": {
        "tvl": 359785.8877768645,
        "revenue": 826.0806635664537,
        "volume": 276739.3693763503,
        "rr": 0.0022960340903609325,
        "apr": 0.8380524429817404
    },
    "8/26/2021": {
        "tvl": 358077.8319910189,
        "revenue": 2208.4906849605018,
        "volume": 748703.8035357367,
        "rr": 0.006167627503441469,
        "apr": 2.2511840387561364
    },
    "8/27/2021": {
        "tvl": 406568.742113486,
        "revenue": 1586.3327625787701,
        "volume": 559213.0036011718,
        "rr": 0.003901757804430463,
        "apr": 1.424141598617119
    },
    "8/28/2021": {
        "tvl": 420441.64522842516,
        "revenue": 853.8626667809506,
        "volume": 297715.13868931815,
        "rr": 0.0020308708151806623,
        "apr": 0.7412678475409417
    },
    "8/29/2021": {
        "tvl": 416217.30300525314,
        "revenue": 1247.191003817561,
        "volume": 406806.2613993615,
        "rr": 0.0029964900421302764,
        "apr": 1.093718865377551
    },
    "8/30/2021": {
        "tvl": 410241.5098567921,
        "revenue": 623.046971847034,
        "volume": 204968.85934584818,
        "rr": 0.001518732153809907,
        "apr": 0.554337236140616
    },
    "8/31/2021": {
        "tvl": 444556.43822192133,
        "revenue": 255.4718729889528,
        "volume": 83920.06838336917,
        "rr": 0.0005746669062105045,
        "apr": 0.20975342076683415
    },
    "9/1/2021": {
        "tvl": 431229.415073474,
        "revenue": 601.2730862075995,
        "volume": 205452.7450492876,
        "rr": 0.0013943229872321048,
        "apr": 0.5089278903397182
    },
    "9/2/2021": {
        "tvl": 425594.4665212677,
        "revenue": 316.79766253902613,
        "volume": 106283.39339205154,
        "rr": 0.0007443650880343276,
        "apr": 0.27169325713252956
    },
    "9/3/2021": {
        "tvl": 425296.7524419816,
        "revenue": 304.3030421246071,
        "volume": 102890.51040691024,
        "rr": 0.0007155075611966252,
        "apr": 0.2611602598367682
    },
    "9/4/2021": {
        "tvl": 426507.3405881598,
        "revenue": 868.23486773342,
        "volume": 293425.35343389894,
        "rr": 0.002035685637991861,
        "apr": 0.7430252578670292
    },
    "9/5/2021": {
        "tvl": 432866.3120283065,
        "revenue": 798.5402744851286,
        "volume": 270938.3378201147,
        "rr": 0.0018447734376541402,
        "apr": 0.6733423047437611
    },
    "9/6/2021": {
        "tvl": 440358.80857000157,
        "revenue": 562.0917702890717,
        "volume": 192373.57907957459,
        "rr": 0.00127644039213018,
        "apr": 0.4659007431275157
    },
    "9/7/2021": {
        "tvl": 389931.6638225886,
        "revenue": 1887.8453924023518,
        "volume": 630163.0926323105,
        "rr": 0.004841477539667784,
        "apr": 1.7671393019787411
    },
    "9/8/2021": {
        "tvl": 371653.29459916335,
        "revenue": 697.9470038195751,
        "volume": 240193.32673228226,
        "rr": 0.0018779518813961465,
        "apr": 0.6854524367095935
    },
    "9/9/2021": {
        "tvl": 510665.8408399989,
        "revenue": 1564.4197656285733,
        "volume": 556640.5540782622,
        "rr": 0.00306349013487028,
        "apr": 1.1181738992276522
    },
    "9/10/2021": {
        "tvl": 473190.85078899685,
        "revenue": 1617.073575826318,
        "volume": 560127.0142256174,
        "rr": 0.0034173813232652637,
        "apr": 1.247344182991821
    },
    "9/11/2021": {
        "tvl": 463344.3065147336,
        "revenue": 518.120127844762,
        "volume": 173062.86232509726,
        "rr": 0.0011182183973340496,
        "apr": 0.4081497150269281
    },
    "9/12/2021": {
        "tvl": 506685.63834978006,
        "revenue": 974.6305568372617,
        "volume": 336560.290466627,
        "rr": 0.0019235409158458235,
        "apr": 0.7020924342837256
    },
    "9/13/2021": {
        "tvl": 515434.7189336006,
        "revenue": 1623.671140040006,
        "volume": 569890.8718359652,
        "rr": 0.0031501004499643937,
        "apr": 1.1497866642370036
    },
    "9/14/2021": {
        "tvl": 629156.4307994385,
        "revenue": 921.7845456161161,
        "volume": 305394.22460658866,
        "rr": 0.0014651118553216556,
        "apr": 0.5347658271924043
    },
    "9/15/2021": {
        "tvl": 485979.30592525256,
        "revenue": 672.9345884075506,
        "volume": 217324.19237366223,
        "rr": 0.0013846980317944921,
        "apr": 0.5054147816049896
    },
    "9/16/2021": {
        "tvl": 534058.2302601121,
        "revenue": 656.7843506816041,
        "volume": 220945.04755214523,
        "rr": 0.0012297991369999456,
        "apr": 0.4488766850049802
    },
    "9/17/2021": {
        "tvl": 505858.62495287147,
        "revenue": 926.6319298692272,
        "volume": 305472.1934542723,
        "rr": 0.0018318001990290415,
        "apr": 0.6686070726456002
    },
    "9/18/2021": {
        "tvl": 521884.1016864349,
        "revenue": 409.8218491868019,
        "volume": 137606.86171095545,
        "rr": 0.0007852736802337702,
        "apr": 0.28662489328532614
    },
    "9/19/2021": {
        "tvl": 497709.90156277415,
        "revenue": 497.6570271804694,
        "volume": 159551.77594289804,
        "rr": 0.0009998937646566028,
        "apr": 0.36496122409966003
    },
    "9/20/2021": {
        "tvl": 466666.4418646322,
        "revenue": 1258.8711564843154,
        "volume": 417422.08055087633,
        "rr": 0.002697582349084962,
        "apr": 0.9846175574160112
    },
    "9/21/2021": {
        "tvl": 561875.6283498714,
        "revenue": 1259.6786963448983,
        "volume": 415903.33205040335,
        "rr": 0.002241917308362974,
        "apr": 0.8182998175524855
    },
    "9/22/2021": {
        "tvl": 618726.2624235051,
        "revenue": 710.8875230325463,
        "volume": 249221.6862411314,
        "rr": 0.0011489532062984563,
        "apr": 0.41936792029893655
    },
    "9/23/2021": {
        "tvl": 646875.848101904,
        "revenue": 644.2479815514838,
        "volume": 219797.07321930313,
        "rr": 0.000995937602929324,
        "apr": 0.36351722506920325
    },
    "9/24/2021": {
        "tvl": 684772.5127005144,
        "revenue": 2080.0974050717127,
        "volume": 751284.3569894783,
        "rr": 0.003037647344909483,
        "apr": 1.1087412808919612
    },
    "9/25/2021": {
        "tvl": 660889.6799826828,
        "revenue": 779.939098324811,
        "volume": 258397.80895316647,
        "rr": 0.0011801350844898163,
        "apr": 0.43074930583878296
    },
    "9/26/2021": {
        "tvl": 638792.6417128573,
        "revenue": 559.5414462947934,
        "volume": 183497.15466289042,
        "rr": 0.0008759359606811377,
        "apr": 0.31971662564861525
    },
    "9/27/2021": {
        "tvl": 619286.9269903362,
        "revenue": 620.1487218575114,
        "volume": 206153.2737275966,
        "rr": 0.0010013915922161695,
        "apr": 0.36550793115890184
    },
    "9/28/2021": {
        "tvl": 599393.62607918,
        "revenue": 591.2195928156377,
        "volume": 195014.38242146772,
        "rr": 0.000986362829186204,
        "apr": 0.36002243265296446
    },
    "9/29/2021": {
        "tvl": 612866.2732601227,
        "revenue": 677.632363666067,
        "volume": 230926.94841133285,
        "rr": 0.0011056773610031159,
        "apr": 0.40357223676613735
    },
    "9/30/2021": {
        "tvl": 635793.3891675465,
        "revenue": 452.90965037605906,
        "volume": 156302.50455990754,
        "rr": 0.0007123535068036178,
        "apr": 0.2600090299833205
    },
    "10/1/2021": {
        "tvl": 649834.4915484451,
        "revenue": 876.6225029341965,
        "volume": 292583.7332510119,
        "rr": 0.0013489934965522593,
        "apr": 0.4923826262415747
    },
    "10/2/2021": {
        "tvl": 707854.2955446867,
        "revenue": 1566.904782418763,
        "volume": 545259.3790710261,
        "rr": 0.0022135979004168443,
        "apr": 0.8079632336521483
    },
    "10/3/2021": {
        "tvl": 739331.7267060864,
        "revenue": 2446.1563151916844,
        "volume": 824873.0693971729,
        "rr": 0.0033086045503416196,
        "apr": 1.2076406608746912
    },
    "10/4/2021": {
        "tvl": 733007.3349693593,
        "revenue": 1482.2426077409582,
        "volume": 495398.0818150756,
        "rr": 0.002022138847768717,
        "apr": 0.7380806794355816
    },
    "10/5/2021": {
        "tvl": 704219.8959700174,
        "revenue": 1356.6971873133768,
        "volume": 445792.256156675,
        "rr": 0.0019265249321657038,
        "apr": 0.7031816002404819
    },
    "10/6/2021": {
        "tvl": 702759.3088799849,
        "revenue": 992.8621702313116,
        "volume": 329688.0178532515,
        "rr": 0.0014128054337888103,
        "apr": 0.5156739833329157
    },
    "10/7/2021": {
        "tvl": 703523.8053782731,
        "revenue": 467.56134745582295,
        "volume": 154921.32717621097,
        "rr": 0.0006645991846777991,
        "apr": 0.24257870240739668
    },
    "10/8/2021": {
        "tvl": 697135.0594747844,
        "revenue": 425.4812831117258,
        "volume": 141253.39483850703,
        "rr": 0.00061032833929236,
        "apr": 0.22276984384171142
    },
    "10/9/2021": {
        "tvl": 744367.1048294548,
        "revenue": 388.48032008298355,
        "volume": 133457.73221060625,
        "rr": 0.0005218934549398042,
        "apr": 0.19049111105302852
    },
    "10/10/2021": {
        "tvl": 705938.1177739602,
        "revenue": 567.7976462131043,
        "volume": 188516.57729526988,
        "rr": 0.0008043164576571452,
        "apr": 0.29357550704485796
    },
    "10/11/2021": {
        "tvl": 675666.6080901294,
        "revenue": 623.1459567264533,
        "volume": 202447.45317183665,
        "rr": 0.0009222683928215227,
        "apr": 0.33662796337985573
    },
    "10/12/2021": {
        "tvl": 703058.654412739,
        "revenue": 684.0027817815733,
        "volume": 231980.49800496508,
        "rr": 0.000972895756973388,
        "apr": 0.35510695129528663
    },
    "10/13/2021": {
        "tvl": 703153.6038094377,
        "revenue": 386.143963979655,
        "volume": 129833.64279933184,
        "rr": 0.0005491601861779041,
        "apr": 0.20044346795493498
    },
    "10/14/2021": {
        "tvl": 697225.1530427993,
        "revenue": 629.2901147756072,
        "volume": 207644.45156772315,
        "rr": 0.0009025637013083751,
        "apr": 0.3294357509775569
    },
    "10/15/2021": {
        "tvl": 691857.1923969043,
        "revenue": 257.3487888084898,
        "volume": 86290.83121258883,
        "rr": 0.00037196807612408845,
        "apr": 0.13576834778529226
    },
    "10/16/2021": {
        "tvl": 690508.2612980589,
        "revenue": 289.2557494038526,
        "volume": 96938.30467291619,
        "rr": 0.0004189026628879027,
        "apr": 0.1528994719540845
    },
    "10/17/2021": {
        "tvl": 675978.4482308218,
        "revenue": 209.1318308813675,
        "volume": 69309.23665047952,
        "rr": 0.0003093764770588613,
        "apr": 0.11292241412648439
    },
    "10/18/2021": {
        "tvl": 679733.6493550483,
        "revenue": 99.78897079123077,
        "volume": 33680.83332729778,
        "rr": 0.0001468059892075573,
        "apr": 0.05358418606075841
    },
    "10/19/2021": {
        "tvl": 676083.6071213672,
        "revenue": 239.69521280299938,
        "volume": 79739.81969727812,
        "rr": 0.00035453486858463417,
        "apr": 0.12940522703339147
    },
    "10/20/2021": {
        "tvl": 696472.3330963951,
        "revenue": 153.23819055923332,
        "volume": 51311.05396833188,
        "rr": 0.00022002049941878223,
        "apr": 0.08030748228785552
    },
    "10/21/2021": {
        "tvl": 679127.4393916549,
        "revenue": 272.5472846977813,
        "volume": 89938.08964562054,
        "rr": 0.00040131979491496065,
        "apr": 0.14648172514396066
    },
    "10/22/2021": {
        "tvl": 679682.3767569707,
        "revenue": 231.98650777633648,
        "volume": 77637.03269529321,
        "rr": 0.0003413160554246448,
        "apr": 0.12458036022999534
    },
    "10/23/2021": {
        "tvl": 677931.073543825,
        "revenue": 168.96024384614293,
        "volume": 56796.749261804325,
        "rr": 0.0002492292364811044,
        "apr": 0.09096867131560311
    },
    "10/24/2021": {
        "tvl": 671296.4874766722,
        "revenue": 404.3722785863565,
        "volume": 136446.32208250178,
        "rr": 0.0006023750848248087,
        "apr": 0.21986690596105518
    },
    "10/25/2021": {
        "tvl": 575206.2662545122,
        "revenue": 226.37317381212085,
        "volume": 76622.06289010627,
        "rr": 0.00039355129992961035,
        "apr": 0.14364622447430778
    },
    "10/26/2021": {
        "tvl": 575454.5584782314,
        "revenue": 290.8570074333501,
        "volume": 96090.0188308338,
        "rr": 0.0005054387060596249,
        "apr": 0.18448512771176312
    },
    "10/27/2021": {
        "tvl": 541363.1642664624,
        "revenue": 717.4204145943926,
        "volume": 236336.46168584438,
        "rr": 0.001325210989496274,
        "apr": 0.48370201116614003
    },
    "10/28/2021": {
        "tvl": 553845.4725817663,
        "revenue": 235.29340560352378,
        "volume": 79240.16548506383,
        "rr": 0.0004248358382468975,
        "apr": 0.1550650809601176
    },
    "10/29/2021": {
        "tvl": 573346.6957916243,
        "revenue": 179.20127956231158,
        "volume": 61272.70700490362,
        "rr": 0.0003125530867756846,
        "apr": 0.11408187667312487
    },
    "10/30/2021": {
        "tvl": 561618.6916300385,
        "revenue": 157.88364842757227,
        "volume": 52655.73571331882,
        "rr": 0.0002811224960646017,
        "apr": 0.10260971106357962
    },
    "10/31/2021": {
        "tvl": 549284.3570278393,
        "revenue": 190.44075909079857,
        "volume": 63480.88368457865,
        "rr": 0.000346707050099274,
        "apr": 0.126548073286235
    },
    "11/1/2021": {
        "tvl": 624882.1705385349,
        "revenue": 233.17692380500685,
        "volume": 78440.93069268239,
        "rr": 0.0003731534276358865,
        "apr": 0.13620100108709857
    },
    "11/2/2021": {
        "tvl": 719443.567258122,
        "revenue": 443.60887586405516,
        "volume": 149216.4992694687,
        "rr": 0.0006165999614878719,
        "apr": 0.22505898594307322
    },
    "11/3/2021": {
        "tvl": 773444.2414616126,
        "revenue": 631.9384050254945,
        "volume": 213789.04986387628,
        "rr": 0.0008170445536336167,
        "apr": 0.2982212620762701
    },
    "11/4/2021": {
        "tvl": 793987.4109574083,
        "revenue": 199.88531493945536,
        "volume": 68682.02682166423,
        "rr": 0.0002517487206735798,
        "apr": 0.09188828304585661
    },
    "11/5/2021": {
        "tvl": 789975.6903763211,
        "revenue": 259.01345004643895,
        "volume": 86081.10214267235,
        "rr": 0.0003278752159108245,
        "apr": 0.11967445380745095
    },
    "11/6/2021": {
        "tvl": 782230.834106201,
        "revenue": 171.31495385072563,
        "volume": 57124.31450129652,
        "rr": 0.00021900818323848732,
        "apr": 0.07993798688204787
    },
    "11/7/2021": {
        "tvl": 800754.7737156511,
        "revenue": 273.4573758893825,
        "volume": 91362.6767551503,
        "rr": 0.00034149952627879994,
        "apr": 0.12464732709176198
    },
    "11/8/2021": {
        "tvl": 744140.1527303865,
        "revenue": 197.6949953338424,
        "volume": 66245.20908248838,
        "rr": 0.0002656690337276698,
        "apr": 0.09696919731059947
    },
    "11/9/2021": {
        "tvl": 723008.2423143452,
        "revenue": 99.05137817614862,
        "volume": 32785.267235532,
        "rr": 0.00013699896125538726,
        "apr": 0.05000462085821635
    },
    "11/10/2021": {
        "tvl": 721736.6434448748,
        "revenue": 470.2840478807205,
        "volume": 157737.76945373407,
        "rr": 0.0006516006248983534,
        "apr": 0.23783422808789897
    },
    "11/11/2021": {
        "tvl": 721561.8808530725,
        "revenue": 348.33055610106754,
        "volume": 116478.04971606306,
        "rr": 0.0004827452299576176,
        "apr": 0.17620200893453042
    },
    "11/12/2021": {
        "tvl": 704158.2372346631,
        "revenue": 197.758085114936,
        "volume": 65138.50476341608,
        "rr": 0.00028084324610269727,
        "apr": 0.1025077848274845
    },
    "11/13/2021": {
        "tvl": 721978.3007527937,
        "revenue": 136.6747144299261,
        "volume": 45851.88968117126,
        "rr": 0.0001893058479561198,
        "apr": 0.06909663450398373
    },
    "11/14/2021": {
        "tvl": 701477.8338261426,
        "revenue": 160.35242086928466,
        "volume": 53359.83228686241,
        "rr": 0.00022859228494029237,
        "apr": 0.08343618400320672
    },
    "11/15/2021": {
        "tvl": 680052.1441834309,
        "revenue": 156.21545874816078,
        "volume": 50400.27276501151,
        "rr": 0.00022971100096410354,
        "apr": 0.0838445153518978
    },
    "11/16/2021": {
        "tvl": 660316.6109382889,
        "revenue": 360.15174796857394,
        "volume": 118025.30995144589,
        "rr": 0.0005454228199057567,
        "apr": 0.1990793292656012
    },
    "11/17/2021": {
        "tvl": 667249.4856273852,
        "revenue": 135.57152945056004,
        "volume": 45040.11160320846,
        "rr": 0.00020317966873078684,
        "apr": 0.07416057908673719
    },
    "11/18/2021": {
        "tvl": 639266.8623572368,
        "revenue": 262.43839314152024,
        "volume": 85996.57707718914,
        "rr": 0.0004105302630169241,
        "apr": 0.14984354600117727
    },
    "11/19/2021": {
        "tvl": 509542.3322585574,
        "revenue": 314.8619070531172,
        "volume": 107316.71100616631,
        "rr": 0.000617930811866965,
        "apr": 0.22554474633144223
    },
    "11/20/2021": {
        "tvl": 515613.71804074023,
        "revenue": 90.4110607915673,
        "volume": 30228.72241738602,
        "rr": 0.00017534649996341572,
        "apr": 0.06400147248664673
    },
    "11/21/2021": {
        "tvl": 492848.11414191127,
        "revenue": 123.85191129954237,
        "volume": 39920.13886289857,
        "rr": 0.00025129833663902444,
        "apr": 0.09172389287324392
    },
    "11/22/2021": {
        "tvl": 491811.3362201548,
        "revenue": 147.01726298990076,
        "volume": 49391.76641602857,
        "rr": 0.00029893020384566706,
        "apr": 0.10910952440366847
    },
    "11/23/2021": {
        "tvl": 368781.01353223046,
        "revenue": 260.92116389672486,
        "volume": 86537.86419353126,
        "rr": 0.0007075233114568168,
        "apr": 0.25824600868173814
    },
    "11/24/2021": {
        "tvl": 367948.289592771,
        "revenue": 76.6161849257417,
        "volume": 25721.89736492983,
        "rr": 0.00020822541398558242,
        "apr": 0.07600227610473759
    },
    "11/25/2021": {
        "tvl": 372864.88046029734,
        "revenue": 82.47806925198955,
        "volume": 27668.383492656896,
        "rr": 0.00022120095931311992,
        "apr": 0.08073835014928878
    },
    "11/26/2021": {
        "tvl": 359322.77358928684,
        "revenue": 251.5692026930313,
        "volume": 83951.22221545178,
        "rr": 0.0007001203964338201,
        "apr": 0.25554394469834435
    },
    "11/27/2021": {
        "tvl": 349010.80997874815,
        "revenue": 82.10335758955186,
        "volume": 26628.509698312893,
        "rr": 0.00023524588706736984,
        "apr": 0.08586474877959
    },
    "11/28/2021": {
        "tvl": 352405.35624093865,
        "revenue": 89.05434595274431,
        "volume": 30086.99772298118,
        "rr": 0.0002527042917357308,
        "apr": 0.09223706648354175
    },
    "11/29/2021": {
        "tvl": 377535.6807701812,
        "revenue": 465.5198604731352,
        "volume": 156237.84856847263,
        "rr": 0.0012330486472787536,
        "apr": 0.4500627562567451
    },
    "11/30/2021": {
        "tvl": 377272.2055939024,
        "revenue": 240.73477049554216,
        "volume": 79403.60719902915,
        "rr": 0.0006380930450908176,
        "apr": 0.23290396145814843
    },
    "12/1/2021": {
        "tvl": 367958.6222631553,
        "revenue": 212.76851921328625,
        "volume": 70201.61678140354,
        "rr": 0.0005782403410052972,
        "apr": 0.2110577244669335
    },
    "12/2/2021": {
        "tvl": 364944.3801860281,
        "revenue": 112.63687124989077,
        "volume": 37178.59299683967,
        "rr": 0.0003086411994958652,
        "apr": 0.1126540378159908
    },
    "12/3/2021": {
        "tvl": 343112.49122987693,
        "revenue": 298.2681015857327,
        "volume": 95251.2842207592,
        "rr": 0.0008693012035691246,
        "apr": 0.31729493930273045
    },
    "12/4/2021": {
        "tvl": 329703.4373825823,
        "revenue": 422.3559057415856,
        "volume": 138911.9053590119,
        "rr": 0.0012810175990112319,
        "apr": 0.46757142363909965
    },
    "12/5/2021": {
        "tvl": 324605.093100499,
        "revenue": 513.309289666524,
        "volume": 169631.75279686696,
        "rr": 0.0015813346758166897,
        "apr": 0.5771871566730917
    },
    "12/6/2021": {
        "tvl": 332950.07190768525,
        "revenue": 400.5683948756658,
        "volume": 136556.4237346718,
        "rr": 0.0012030884768414424,
        "apr": 0.4391272940471265
    },
    "12/7/2021": {
        "tvl": 384069.2981752996,
        "revenue": 844.8171264742391,
        "volume": 292095.00560983963,
        "rr": 0.0021996476429850995,
        "apr": 0.8028713896895613
    },
    "12/8/2021": {
        "tvl": 378551.6352840807,
        "revenue": 492.26850977062634,
        "volume": 161274.07854821044,
        "rr": 0.0013003999029120765,
        "apr": 0.4746459645629079
    },
    "12/9/2021": {
        "tvl": 362133.4621240511,
        "revenue": 284.4085077321711,
        "volume": 91739.73213939062,
        "rr": 0.0007853693112589113,
        "apr": 0.28665979860950264
    },
    "12/10/2021": {
        "tvl": 347207.0622275015,
        "revenue": 282.7688362151188,
        "volume": 93284.42900884464,
        "rr": 0.0008144098060708206,
        "apr": 0.2972595792158495
    },
    "12/11/2021": {
        "tvl": 346194.58838265116,
        "revenue": 271.5111399300757,
        "volume": 89946.32037596135,
        "rr": 0.0007842732065758713,
        "apr": 0.286259720400193
    },
    "12/12/2021": {
        "tvl": 343011.715421924,
        "revenue": 97.11669669252586,
        "volume": 32067.252562087346,
        "rr": 0.00028312938691632376,
        "apr": 0.10334222622445817
    },
    "12/13/2021": {
        "tvl": 346789.5996806393,
        "revenue": 238.32913182221205,
        "volume": 82427.45097586597,
        "rr": 0.0006872441735325708,
        "apr": 0.2508441233393884
    },
    "12/14/2021": {
        "tvl": 345527.31306848204,
        "revenue": 257.75159929001023,
        "volume": 86457.54224341613,
        "rr": 0.0007459659180081228,
        "apr": 0.2722775600729648
    },
    "12/15/2021": {
        "tvl": 345524.0276176399,
        "revenue": 180.3105093903279,
        "volume": 60863.6745361871,
        "rr": 0.0005218465142165486,
        "apr": 0.19047397768904029
    },
    "12/16/2021": {
        "tvl": 339555.94308122346,
        "revenue": 146.10078330212355,
        "volume": 48197.097718237696,
        "rr": 0.0004302701403967932,
        "apr": 0.15704860124482953
    },
    "12/17/2021": {
        "tvl": 334254.8600273259,
        "revenue": 129.5883880320446,
        "volume": 43036.988225286004,
        "rr": 0.0003876933547696226,
        "apr": 0.14150807449091224
    },
    "12/18/2021": {
        "tvl": 339223.1431765944,
        "revenue": 156.30046782428153,
        "volume": 53460.226151432085,
        "rr": 0.0004607600364781535,
        "apr": 0.16817741331452604
    },
    "12/19/2021": {
        "tvl": 335946.8826299071,
        "revenue": 47.59781619421733,
        "volume": 15881.185277575925,
        "rr": 0.00014168256547465285,
        "apr": 0.05171413639824829
    },
    "12/20/2021": {
        "tvl": 336471.6610410538,
        "revenue": 119.46829081778506,
        "volume": 40542.21925067993,
        "rr": 0.00035506196999814614,
        "apr": 0.12959761904932335
    },
    "12/21/2021": {
        "tvl": 340869.42891349585,
        "revenue": 61.63519634578201,
        "volume": 20874.49057860134,
        "rr": 0.0001808176126038674,
        "apr": 0.06599842860041161
    },
    "12/22/2021": {
        "tvl": 350177.0499620543,
        "revenue": 90.88139684602112,
        "volume": 30674.782804266622,
        "rr": 0.00025952984884608846,
        "apr": 0.09472839482882228
    },
    "12/23/2021": {
        "tvl": 358165.2326118691,
        "revenue": 178.77173981483745,
        "volume": 61297.8527669211,
        "rr": 0.000499132030518903,
        "apr": 0.1821831911393996
    },
    "12/24/2021": {
        "tvl": 354321.50333917263,
        "revenue": 61.16116314137818,
        "volume": 20083.673669431548,
        "rr": 0.00017261487819674308,
        "apr": 0.06300443054181122
    },
    "12/25/2021": {
        "tvl": 354120.6688096817,
        "revenue": 89.87850679190726,
        "volume": 29783.201170287197,
        "rr": 0.0002538075710012043,
        "apr": 0.09263976341543959
    },
    "12/26/2021": {
        "tvl": 368800.3120218725,
        "revenue": 221.80628463823223,
        "volume": 74848.51831755895,
        "rr": 0.0006014265102494749,
        "apr": 0.21952067624105834
    },
    "12/27/2021": {
        "tvl": 363697.12094077887,
        "revenue": 196.06903094014626,
        "volume": 64470.59168483747,
        "rr": 0.000539099760902623,
        "apr": 0.19677141272945742
    },
    "12/28/2021": {
        "tvl": 356465.2532355016,
        "revenue": 77.76263965067305,
        "volume": 25475.35959602006,
        "rr": 0.00021814928368151087,
        "apr": 0.07962448854375148
    },
    "12/29/2021": {
        "tvl": 348298.83825980476,
        "revenue": 179.548762041326,
        "volume": 59811.93058964262,
        "rr": 0.0005155020411161869,
        "apr": 0.18815824500740821
    },
    "12/30/2021": {
        "tvl": 351068.2051353374,
        "revenue": 291.8487046453098,
        "volume": 96721.43937058414,
        "rr": 0.000831316252443885,
        "apr": 0.30343043214201804
    },
    "12/31/2021": {
        "tvl": 360202.69376152527,
        "revenue": 231.43179255132037,
        "volume": 79291.44439344047,
        "rr": 0.0006425043359185465,
        "apr": 0.2345140826102695
    },
    "1/1/2022": {
        "tvl": 363655.9840180932,
        "revenue": 134.29479349092955,
        "volume": 45119.27266592222,
        "rr": 0.000369290756629617,
        "apr": 0.1347911261698102
    },
    "1/2/2022": {
        "tvl": 351742.39165948157,
        "revenue": 121.90944653779196,
        "volume": 40131.37466848546,
        "rr": 0.00034658730203839444,
        "apr": 0.12650436524401396
    },
    "1/3/2022": {
        "tvl": 384226.58191873034,
        "revenue": 301.8885195046932,
        "volume": 100371.44171078906,
        "rr": 0.0007857044090940775,
        "apr": 0.2867821093193383
    },
    "1/4/2022": {
        "tvl": 407113.5744507961,
        "revenue": 419.93723965546855,
        "volume": 142231.82768730586,
        "rr": 0.00103149898703813,
        "apr": 0.37649713026891746
    },
    "1/5/2022": {
        "tvl": 375948.49036509544,
        "revenue": 373.72527401659664,
        "volume": 118110.46787566197,
        "rr": 0.0009940863804338202,
        "apr": 0.36284152885834436
    },
    "1/6/2022": {
        "tvl": 358818.8305987079,
        "revenue": 257.4644920669983,
        "volume": 83456.62680230515,
        "rr": 0.0007175333904226971,
        "apr": 0.26189968750428444
    },
    "1/7/2022": {
        "tvl": 371037.4698277151,
        "revenue": 248.86458481648637,
        "volume": 84185.78638609816,
        "rr": 0.0006707262879192293,
        "apr": 0.2448150950905187
    },
    "1/8/2022": {
        "tvl": 361935.39860269945,
        "revenue": 191.3711745363372,
        "volume": 64670.50818022955,
        "rr": 0.0005287440114317404,
        "apr": 0.1929915641725852
    },
    "1/9/2022": {
        "tvl": 366388.45587519207,
        "revenue": 115.88676987612101,
        "volume": 38847.077123580864,
        "rr": 0.0003162948177482893,
        "apr": 0.1154476084781256
    },
    "1/10/2022": {
        "tvl": 358462.42010954017,
        "revenue": 169.12240261348302,
        "volume": 56829.095970204566,
        "rr": 0.00047179953357956466,
        "apr": 0.1722068297565411
    },
    "1/11/2022": {
        "tvl": 365474.7270777441,
        "revenue": 158.6164250072837,
        "volume": 53719.26015798541,
        "rr": 0.00043400107656019313,
        "apr": 0.1584103929444705
    },
    "1/12/2022": {
        "tvl": 368140.66238594695,
        "revenue": 159.64554324640497,
        "volume": 53912.811023740906,
        "rr": 0.000433653653502252,
        "apr": 0.15828358352832197
    },
    "1/13/2022": {
        "tvl": 365096.4513602667,
        "revenue": 162.1201468171715,
        "volume": 53789.17863656845,
        "rr": 0.00044404744612868335,
        "apr": 0.16207731783696944
    },
    "1/14/2022": {
        "tvl": 366852.540588879,
        "revenue": 99.9275061759617,
        "volume": 33534.42762387124,
        "rr": 0.00027239147919094704,
        "apr": 0.09942288990469567
    },
    "1/15/2022": {
        "tvl": 363685.5603642846,
        "revenue": 17.83499608601492,
        "volume": 5904.270244410826,
        "rr": 0.000049039604619305064,
        "apr": 0.017899455686046346
    },
    "1/16/2022": {
        "tvl": 362029.2752104427,
        "revenue": 35.198852147368356,
        "volume": 11655.938931482195,
        "rr": 0.00009722653541459524,
        "apr": 0.03548768542632726
    },
    "1/17/2022": {
        "tvl": 355632.35324087355,
        "revenue": 71.5539065077456,
        "volume": 23703.86833050782,
        "rr": 0.0002012019037516572,
        "apr": 0.07343869486935488
    },
    "1/18/2022": {
        "tvl": 356266.39944707346,
        "revenue": 149.20302238418617,
        "volume": 49939.64833171447,
        "rr": 0.00041879622275844627,
        "apr": 0.15286062130683287
    },
    "1/19/2022": {
        "tvl": 320757.3356707977,
        "revenue": 96.0989002892619,
        "volume": 31941.378338331808,
        "rr": 0.0002996000078635487,
        "apr": 0.10935400287019528
    },
    "1/20/2022": {
        "tvl": 307543.96650881274,
        "revenue": 171.70563159805022,
        "volume": 56006.01567891672,
        "rr": 0.0005583124700745184,
        "apr": 0.20378405157719923
    },
    "1/21/2022": {
        "tvl": 296697.7988149394,
        "revenue": 282.3103896388781,
        "volume": 93670.12707833572,
        "rr": 0.0009515082038575042,
        "apr": 0.34730049440798905
    },
    "1/22/2022": {
        "tvl": 279499.1258659076,
        "revenue": 512.1960881452709,
        "volume": 170859.51624476883,
        "rr": 0.0018325498749180416,
        "apr": 0.6688807043450852
    },
    "1/23/2022": {
        "tvl": 280388.5277079725,
        "revenue": 260.0322052582671,
        "volume": 86659.11180149783,
        "rr": 0.0009273995886489809,
        "apr": 0.33850084985687806
    },
    "1/24/2022": {
        "tvl": 275737.6385096692,
        "revenue": 656.1981692468095,
        "volume": 229742.236894829,
        "rr": 0.002379791793363744,
        "apr": 0.8686240045777666
    },
    "1/25/2022": {
        "tvl": 281470.5814986437,
        "revenue": 239.0264893841548,
        "volume": 80788.12413809077,
        "rr": 0.0008492059387219001,
        "apr": 0.30996016763349354
    },
    "1/26/2022": {
        "tvl": 270756.1230534973,
        "revenue": 272.56154666918457,
        "volume": 87404.74968485496,
        "rr": 0.0010066680804678627,
        "apr": 0.36743384937076995
    },
    "1/27/2022": {
        "tvl": 278789.7224901676,
        "revenue": 241.3544107029732,
        "volume": 81129.42377379272,
        "rr": 0.0008657220522592448,
        "apr": 0.3159885490746243
    },
    "1/28/2022": {
        "tvl": 286521.8271575136,
        "revenue": 186.28568990887211,
        "volume": 63859.49113836943,
        "rr": 0.0006501622991761208,
        "apr": 0.23730923919928407
    },
    "1/29/2022": {
        "tvl": 303852.0696958099,
        "revenue": 62.57293553375676,
        "volume": 21523.23234300814,
        "rr": 0.00020593223405191647,
        "apr": 0.07516526542894951
    },
    "1/30/2022": {
        "tvl": 290795.7436163292,
        "revenue": 117.25042473831635,
        "volume": 38193.32425567271,
        "rr": 0.0004032054365039624,
        "apr": 0.14716998432394626
    },
    "1/31/2022": {
        "tvl": 305198.22819198866,
        "revenue": 161.79617583843347,
        "volume": 56065.61119237491,
        "rr": 0.0005301347153845651,
        "apr": 0.19349917111536627
    },
    "2/1/2022": {
        "tvl": 315584.5128230332,
        "revenue": 65.28511358519668,
        "volume": 22058.696685659706,
        "rr": 0.00020687046078780768,
        "apr": 0.07550771818754981
    },
    "2/2/2022": {
        "tvl": 316570.71772209316,
        "revenue": 261.45197861186887,
        "volume": 88225.77580829505,
        "rr": 0.0008258880685275156,
        "apr": 0.3014491450125432
    },
    "2/3/2022": {
        "tvl": 313690.22762668104,
        "revenue": 110.86521559994117,
        "volume": 36478.019234003405,
        "rr": 0.00035342259922703273,
        "apr": 0.12899924871786694
    },
    "2/4/2022": {
        "tvl": 325467.7260566693,
        "revenue": 82.99828152963767,
        "volume": 28052.8595527288,
        "rr": 0.0002550123249860611,
        "apr": 0.09307949861991231
    },
    "2/5/2022": {
        "tvl": 324170.6054887051,
        "revenue": 173.81279267219418,
        "volume": 58843.30710767926,
        "rr": 0.0005361769072496928,
        "apr": 0.19570457114613787
    },
    "2/6/2022": {
        "tvl": 323906.30877774133,
        "revenue": 40.248975879252235,
        "volume": 13525.192230411134,
        "rr": 0.00012426116685140072,
        "apr": 0.04535532590076126
    },
    "2/7/2022": {
        "tvl": 335132.8333759459,
        "revenue": 115.25729957106698,
        "volume": 39447.85408122505,
        "rr": 0.00034391527207294976,
        "apr": 0.12552907430662666
    },
    "2/8/2022": {
        "tvl": 299979.204744615,
        "revenue": 212.93292253855668,
        "volume": 71520.11624580591,
        "rr": 0.0007098256118114437,
        "apr": 0.25908634831117694
    },
    "2/9/2022": {
        "tvl": 302437.3898243994,
        "revenue": 85.3343330412018,
        "volume": 28602.650976850127,
        "rr": 0.00028215536806063717,
        "apr": 0.10298670934213255
    },
    "2/10/2022": {
        "tvl": 289735.00171308394,
        "revenue": 63.3701189781594,
        "volume": 20622.519305501748,
        "rr": 0.00021871751291172256,
        "apr": 0.07983189221277874
    },
    "2/11/2022": {
        "tvl": 274812.5887459954,
        "revenue": 116.15723902647618,
        "volume": 39174.80781692422,
        "rr": 0.00042267801324719637,
        "apr": 0.15427747483522666
    },
    "2/12/2022": {
        "tvl": 265116.2079103397,
        "revenue": 76.48972665885844,
        "volume": 25557.95372465997,
        "rr": 0.00028851395869665836,
        "apr": 0.10530759492428031
    },
    "2/13/2022": {
        "tvl": 257540.54150689856,
        "revenue": 44.86096473541001,
        "volume": 14758.194410095239,
        "rr": 0.0001741899138400637,
        "apr": 0.06357931855162324
    },
    "2/14/2022": {
        "tvl": 265658.6635683079,
        "revenue": 73.29106550364872,
        "volume": 25107.46984847798,
        "rr": 0.0002758843416555984,
        "apr": 0.10069778470429341
    },
    "2/15/2022": {
        "tvl": 265883.8656097883,
        "revenue": 26.90891528681109,
        "volume": 8924.881029779273,
        "rr": 0.00010120552153511515,
        "apr": 0.03694001536031703
    },
    "2/16/2022": {
        "tvl": 263925.1582900402,
        "revenue": 17.24386108444235,
        "volume": 5725.026915981664,
        "rr": 0.00006533617786255993,
        "apr": 0.023847704919834376
    },
    "2/17/2022": {
        "tvl": 255805.98121869695,
        "revenue": 51.241978758323576,
        "volume": 16922.796791519144,
        "rr": 0.0002003157960349454,
        "apr": 0.07311526555275508
    },
    "2/18/2022": {
        "tvl": 253617.33455395515,
        "revenue": 150.18327897067445,
        "volume": 51023.5775781517,
        "rr": 0.0005921648819265708,
        "apr": 0.2161401819031983
    },
    "2/19/2022": {
        "tvl": 248408.33170691255,
        "revenue": 49.308550660478545,
        "volume": 16301.459054591734,
        "rr": 0.00019849797437010208,
        "apr": 0.07245176064508727
    },
    "2/20/2022": {
        "tvl": 242711.4237099995,
        "revenue": 148.70736019132036,
        "volume": 49848.645063702694,
        "rr": 0.0006126920518129438,
        "apr": 0.22363259891172446
    },
    "2/21/2022": {
        "tvl": 225942.96709916412,
        "revenue": 204.78601718886213,
        "volume": 64529.98030817537,
        "rr": 0.000906361546978285,
        "apr": 0.330821964647074
    },
    "2/22/2022": {
        "tvl": 232466.96342485442,
        "revenue": 107.6329874240147,
        "volume": 36439.99099889157,
        "rr": 0.0004630033697618602,
        "apr": 0.16899622996307898
    },
    "2/23/2022": {
        "tvl": 219916.1507018321,
        "revenue": 241.94025827871934,
        "volume": 77500.11547108703,
        "rr": 0.001100147749524536,
        "apr": 0.40155392857645567
    },
    "2/24/2022": {
        "tvl": 230278.00915628628,
        "revenue": 329.7253306663793,
        "volume": 116888.7294966853,
        "rr": 0.001431857657074843,
        "apr": 0.5226280448323176
    },
    "2/25/2022": {
        "tvl": 346209.54850942723,
        "revenue": 207.4300602623372,
        "volume": 71872.72335776074,
        "rr": 0.0005991459829903823,
        "apr": 0.2186882837914895
    },
    "2/26/2022": {
        "tvl": 345308.2846651563,
        "revenue": 149.53561085334164,
        "volume": 49912.35779655138,
        "rr": 0.00043304958929191514,
        "apr": 0.15806310009154903
    },
    "2/27/2022": {
        "tvl": 331477.91873994423,
        "revenue": 87.92203683384267,
        "volume": 28764.5299957308,
        "rr": 0.00026524251500088764,
        "apr": 0.09681351797532399
    },
    "2/28/2022": {
        "tvl": 354073.7173072207,
        "revenue": 155.93614820799252,
        "volume": 53700.86716481434,
        "rr": 0.00044040588325478766,
        "apr": 0.1607481473879975
    },
    "3/1/2022": {
        "tvl": 353429.4006305504,
        "revenue": 135.97842629288203,
        "volume": 45487.03078150442,
        "rr": 0.000384739996305582,
        "apr": 0.14043009865153744
    },
    "3/2/2022": {
        "tvl": 350084.73060962907,
        "revenue": 173.89391446173113,
        "volume": 57681.61424879113,
        "rr": 0.0004967195060433412,
        "apr": 0.18130261970581954
    },
    "3/3/2022": {
        "tvl": 341875.36369716737,
        "revenue": 93.047018464583,
        "volume": 30538.31702715294,
        "rr": 0.00027216649207576095,
        "apr": 0.09934076960765276
    },
    "3/4/2022": {
        "tvl": 329767.61557469325,
        "revenue": 94.1989143640279,
        "volume": 30751.8207300178,
        "rr": 0.00028565241071311804,
        "apr": 0.10426312991028808
    },
    "3/5/2022": {
        "tvl": 331086.3022087647,
        "revenue": 69.91554009662671,
        "volume": 23261.617606313695,
        "rr": 0.00021117013790725126,
        "apr": 0.0770771003361467
    },
    "3/6/2022": {
        "tvl": 322536.14100353187,
        "revenue": 67.01589730725631,
        "volume": 22159.70231515834,
        "rr": 0.00020777794729838497,
        "apr": 0.07583895076391052
    },
    "3/7/2022": {
        "tvl": 326184.9479549572,
        "revenue": 181.06551141092626,
        "volume": 60778.93468332408,
        "rr": 0.0005551007566294247,
        "apr": 0.20261177616974002
    },
    "3/8/2022": {
        "tvl": 334951.7399496745,
        "revenue": 200.02351717240984,
        "volume": 68909.35005584327,
        "rr": 0.0005971711542757257,
        "apr": 0.2179674713106399
    },
    "3/9/2022": {
        "tvl": 329569.67662270286,
        "revenue": 116.37173081575801,
        "volume": 38318.380075232395,
        "rr": 0.0003531020572289556,
        "apr": 0.12888225088856878
    },
    "3/10/2022": {
        "tvl": 327577.17373889807,
        "revenue": 132.20398375527006,
        "volume": 43882.59550895448,
        "rr": 0.00040358118438571636,
        "apr": 0.14730713230078646
    },
    "3/11/2022": {
        "tvl": 329345.20702108997,
        "revenue": 63.15820025623517,
        "volume": 21087.71310780147,
        "rr": 0.0001917689977258141,
        "apr": 0.06999568416992215
    },
    "3/12/2022": {
        "tvl": 332134.9843302808,
        "revenue": 56.11971322441672,
        "volume": 18879.563865695516,
        "rr": 0.00016896658248024334,
        "apr": 0.061672802605288825
    },
    "3/13/2022": {
        "tvl": 322889.14010844287,
        "revenue": 68.04939705884257,
        "volume": 22301.861385916567,
        "rr": 0.00021075158190823038,
        "apr": 0.0769243273965041
    },
    "3/14/2022": {
        "tvl": 324972.0867991144,
        "revenue": 67.3379518925013,
        "volume": 22449.966883467718,
        "rr": 0.0002072114948571786,
        "apr": 0.0756321956228702
    },
    "3/15/2022": {
        "tvl": 325575.9138918739,
        "revenue": 114.31399718630635,
        "volume": 38300.9978888779,
        "rr": 0.0003511131883799944,
        "apr": 0.12815631375869796
    },
    "3/16/2022": {
        "tvl": 334198.6388633686,
        "revenue": 95.84451445510462,
        "volume": 32552.460686479048,
        "rr": 0.00028678906287912505,
        "apr": 0.10467800795088063
    },
    "3/17/2022": {
        "tvl": 330287.3622902112,
        "revenue": 75.70757806448293,
        "volume": 25118.18196564343,
        "rr": 0.00022921730198675148,
        "apr": 0.08366431522516428
    },
    "3/18/2022": {
        "tvl": 339454.5028910331,
        "revenue": 82.17731289258424,
        "volume": 27986.154624943872,
        "rr": 0.00024208638327877374,
        "apr": 0.08836152989675242
    },
    "3/19/2022": {
        "tvl": 346687.0532218756,
        "revenue": 38.25203803438603,
        "volume": 12934.684530794848,
        "rr": 0.00011033592884100341,
        "apr": 0.04027261402696625
    },
    "3/20/2022": {
        "tvl": 340460.33475313743,
        "revenue": 93.02222979455513,
        "volume": 30771.0223482875,
        "rr": 0.0002732248673314738,
        "apr": 0.09972707657598792
    },
    "3/21/2022": {
        "tvl": 344577.90346960514,
        "revenue": 48.96949364187832,
        "volume": 16415.941872076255,
        "rr": 0.0001421144337718622,
        "apr": 0.051871768326729704
    },
    "3/22/2022": {
        "tvl": 348211.7911840089,
        "revenue": 101.36174274598051,
        "volume": 34318.100901542704,
        "rr": 0.0002910922183344933,
        "apr": 0.10624865969209006
    },
    "3/23/2022": {
        "tvl": 352196.1478922055,
        "revenue": 105.44562354856407,
        "volume": 35482.847322789814,
        "rr": 0.0002993945963907509,
        "apr": 0.10927902768262407
    },
    "3/24/2022": {
        "tvl": 352220.6948321445,
        "revenue": 66.90491314739187,
        "volume": 22386.127133512924,
        "rr": 0.00018995168123007736,
        "apr": 0.06933236364897824
    },
    "3/25/2022": {
        "tvl": 354584.03691688966,
        "revenue": 30.265613343639334,
        "volume": 10138.213474711467,
        "rr": 0.00008535526191985128,
        "apr": 0.03115467060074572
    },
    "3/26/2022": {
        "tvl": 361652.6987397772,
        "revenue": 48.14110428113741,
        "volume": 16108.422654795533,
        "rr": 0.00013311418509772205,
        "apr": 0.04858667756066854
    },
    "3/27/2022": {
        "tvl": 370694.68144420837,
        "revenue": 42.25635351067725,
        "volume": 14260.738471087458,
        "rr": 0.00011399233823924465,
        "apr": 0.0416072034573243
    },
    "3/28/2022": {
        "tvl": 367025.1748942656,
        "revenue": 108.67971314715243,
        "volume": 35929.89481714247,
        "rr": 0.00029610969650368374,
        "apr": 0.10808003922384456
    },
    "3/29/2022": {
        "tvl": 363465.4096984227,
        "revenue": 112.77181540362349,
        "volume": 37151.30297130339,
        "rr": 0.0003102683567528293,
        "apr": 0.1132479502147827
    },
    "3/30/2022": {
        "tvl": 372224.2084148787,
        "revenue": 111.40227865651521,
        "volume": 37526.577751259014,
        "rr": 0.00029928810684002303,
        "apr": 0.1092401589966084
    },
    "3/31/2022": {
        "tvl": 358011.4838796647,
        "revenue": 76.19001292201916,
        "volume": 24700.127317951876,
        "rr": 0.0002128144385101017,
        "apr": 0.07767727005618712
    },
    "4/1/2022": {
        "tvl": 378263.9211670276,
        "revenue": 79.66390220195657,
        "volume": 27123.369715692683,
        "rr": 0.0002106040194269014,
        "apr": 0.076870467090819
    },
    "4/2/2022": {
        "tvl": 378555.73728494433,
        "revenue": 65.7385672597393,
        "volume": 22103.801046969427,
        "rr": 0.00017365624341404958,
        "apr": 0.0633845288461281
    },
    "4/3/2022": {
        "tvl": 378249.30757774145,
        "revenue": 40.02918932151356,
        "volume": 13361.823835981724,
        "rr": 0.00010582752835122211,
        "apr": 0.03862704784819607
    },
    "4/4/2022": {
        "tvl": 373890.83919221314,
        "revenue": 81.27903214358264,
        "volume": 27206.106364772924,
        "rr": 0.00021738706494971917,
        "apr": 0.0793462787066475
    },
    "4/5/2022": {
        "tvl": 361447.2167111853,
        "revenue": 120.00585399812078,
        "volume": 39353.578762687146,
        "rr": 0.00033201487921267234,
        "apr": 0.1211854309126254
    },
    "4/6/2022": {
        "tvl": 347627.00683442643,
        "revenue": 97.8374008603888,
        "volume": 32240.825888426472,
        "rr": 0.0002814436132316625,
        "apr": 0.1027269188295568
    },
    "4/7/2022": {
        "tvl": 349277.8174920094,
        "revenue": 103.80952069430575,
        "volume": 34721.84579335904,
        "rr": 0.00029721189120944004,
        "apr": 0.10848234029144563
    },
    "4/8/2022": {
        "tvl": 335674.0515896107,
        "revenue": 63.43298758353977,
        "volume": 20619.697458076116,
        "rr": 0.00018897197231405855,
        "apr": 0.06897476989463137
    },
    "4/9/2022": {
        "tvl": 340884.34831094695,
        "revenue": 54.779142165323805,
        "volume": 18505.904319645884,
        "rr": 0.00016069714680873385,
        "apr": 0.058654458585187856
    },
    "4/10/2022": {
        "tvl": 331726.5979904722,
        "revenue": 76.91939532572407,
        "volume": 25095.287531118,
        "rr": 0.00023187587546999572,
        "apr": 0.08463469454654844
    },
    "4/11/2022": {
        "tvl": 329896.3658719748,
        "revenue": 192.8137043400759,
        "volume": 64524.4655699033,
        "rr": 0.0005844675003631366,
        "apr": 0.21333063763254487
    },
    "4/12/2022": {
        "tvl": 334641.74495406385,
        "revenue": 106.27348983222079,
        "volume": 35529.12276337481,
        "rr": 0.00031757391728521174,
        "apr": 0.11591447980910227
    },
    "4/13/2022": {
        "tvl": 342010.3157735277,
        "revenue": 88.2436762762131,
        "volume": 29900.12077481349,
        "rr": 0.00025801466273504527,
        "apr": 0.09417535189829153
    },
    "4/14/2022": {
        "tvl": 341010.3573333354,
        "revenue": 72.70400485148942,
        "volume": 24426.786686540585,
        "rr": 0.00021320174970645167,
        "apr": 0.07781863864285486
    },
    "4/15/2022": {
        "tvl": 342131.2465837007,
        "revenue": 152.2221472773289,
        "volume": 51599.87605824307,
        "rr": 0.00044492325327581125,
        "apr": 0.1623969874456711
    },
    "4/16/2022": {
        "tvl": 343819.0693368525,
        "revenue": 42.912939616192475,
        "volume": 14452.096809511922,
        "rr": 0.00012481256405865332,
        "apr": 0.045556585881408464
    },
    "4/17/2022": {
        "tvl": 334850.34043881856,
        "revenue": 30.02116473565433,
        "volume": 9848.890505888221,
        "rr": 0.00008965547025071513,
        "apr": 0.03272424664151102
    },
    "4/18/2022": {
        "tvl": 336678.3798635276,
        "revenue": 101.76761833885294,
        "volume": 34244.97144458036,
        "rr": 0.0003022695380086609,
        "apr": 0.11032838137316124
    },
    "4/19/2022": {
        "tvl": 339541.4300981306,
        "revenue": 46.26995827124067,
        "volume": 15436.357019234734,
        "rr": 0.00013627190725405211,
        "apr": 0.04973924614772902
    },
    "4/20/2022": {
        "tvl": 337630.658506574,
        "revenue": 34.87015943988166,
        "volume": 11567.286739001527,
        "rr": 0.00010327900787837579,
        "apr": 0.03769683787560716
    },
    "4/21/2022": {
        "tvl": 334982.8816771852,
        "revenue": 118.00053705552826,
        "volume": 39448.69877147929,
        "rr": 0.0003522584093393838,
        "apr": 0.12857431940887507
    },
    "4/22/2022": {
        "tvl": 333075.2830215851,
        "revenue": 59.123788550473,
        "volume": 19560.34208166726,
        "rr": 0.0001775087842427547,
        "apr": 0.06479070624860546
    },
    "4/23/2022": {
        "tvl": 332655.98757608485,
        "revenue": 12.291487629035908,
        "volume": 4084.521755247394,
        "rr": 0.00003694954574122796,
        "apr": 0.013486584195548207
    },
    "4/24/2022": {
        "tvl": 325677.64717119193,
        "revenue": 80.29387272952098,
        "volume": 26712.53958622432,
        "rr": 0.000246544008859517,
        "apr": 0.0899885632337237
    },
    "4/25/2022": {
        "tvl": 327648.5488404558,
        "revenue": 150.77003024178953,
        "volume": 51128.70812735417,
        "rr": 0.00046015778423363327,
        "apr": 0.16795759124527612
    },
    "4/26/2022": {
        "tvl": 316980.873217835,
        "revenue": 94.32937434761465,
        "volume": 30899.277802044973,
        "rr": 0.0002975869597115716,
        "apr": 0.10861924029472364
    },
    "4/27/2022": {
        "tvl": 320319.74667673593,
        "revenue": 52.33983847073768,
        "volume": 17491.432385060754,
        "rr": 0.0001633987258473909,
        "apr": 0.05964053493429769
    },
    "4/28/2022": {
        "tvl": 318086.7179771289,
        "revenue": 37.490893526815,
        "volume": 12452.423144647371,
        "rr": 0.00011786375037989065,
        "apr": 0.04302026888866009
    },
    "4/29/2022": {
        "tvl": 314379.69677123317,
        "revenue": 117.77063234014044,
        "volume": 39219.14777765313,
        "rr": 0.0003746127168824118,
        "apr": 0.1367336416620803
    },
    "4/30/2022": {
        "tvl": 304155.07835210813,
        "revenue": 145.93361130248897,
        "volume": 48089.593035487356,
        "rr": 0.0004798000154827186,
        "apr": 0.1751270056511923
    },
    "5/1/2022": {
        "tvl": 306202.4262899589,
        "revenue": 73.967644719699,
        "volume": 24798.936660799263,
        "rr": 0.00024156452845888038,
        "apr": 0.08817105288749134
    },
    "5/2/2022": {
        "tvl": 304403.1854505355,
        "revenue": 61.877214288892,
        "volume": 20866.802047341702,
        "rr": 0.00020327387243766816,
        "apr": 0.07419496343974888
    },
    "5/3/2022": {
        "tvl": 304305.36973576905,
        "revenue": 61.71623653546273,
        "volume": 20703.100805195525,
        "rr": 0.00020281021195600807,
        "apr": 0.07402572736394294
    },
    "5/4/2022": {
        "tvl": 322034.66825197847,
        "revenue": 101.89760877182022,
        "volume": 35172.40156535075,
        "rr": 0.0003164181338764734,
        "apr": 0.11549261886491279
    },
    "5/5/2022": {
        "tvl": 302272.22426752304,
        "revenue": 111.79434822779905,
        "volume": 35695.10212645313,
        "rr": 0.000369846579515214,
        "apr": 0.1349940015230531
    },
    "5/6/2022": {
        "tvl": 305506.29835532216,
        "revenue": 26.951328906426177,
        "volume": 9095.862630716332,
        "rr": 0.00008821857045670516,
        "apr": 0.03219977821669739
    },
    "5/7/2022": {
        "tvl": 309794.02315236855,
        "revenue": 88.45321047842997,
        "volume": 30027.633551333813,
        "rr": 0.0002855226501091188,
        "apr": 0.10421576728982836
    },
    "5/8/2022": {
        "tvl": 307531.4502407108,
        "revenue": 88.01374849451337,
        "volume": 29321.12820978143,
        "rr": 0.0002861943011865073,
        "apr": 0.10446091993307516
    },
    "5/9/2022": {
        "tvl": 279622.35523133824,
        "revenue": 378.0023954486168,
        "volume": 121614.57391775235,
        "rr": 0.001351831813074768,
        "apr": 0.49341861177229035
    },
    "5/10/2022": {
        "tvl": 280818.10678045976,
        "revenue": 148.1586845681876,
        "volume": 49295.15711638854,
        "rr": 0.0005275966221224342,
        "apr": 0.19257276707468848
    },
    "5/11/2022": {
        "tvl": 251593.5747309693,
        "revenue": 430.79597725655736,
        "volume": 136232.62527467683,
        "rr": 0.0017122693920828876,
        "apr": 0.624978328110254
    },
    "5/12/2022": {
        "tvl": 262648.4460750719,
        "revenue": 571.5782726083197,
        "volume": 205531.25902754275,
        "rr": 0.0021762103722667656,
        "apr": 0.7943167858773695
    },
    "5/13/2022": {
        "tvl": 260709.03141506686,
        "revenue": 72.65226331080967,
        "volume": 24070.0809447895,
        "rr": 0.00027867183164492,
        "apr": 0.1017152185503958
    },
    "5/14/2022": {
        "tvl": 259209.81437630768,
        "revenue": 92.05164238774819,
        "volume": 31026.986733309488,
        "rr": 0.0003551240627567916,
        "apr": 0.12962028290622893
    },
    "5/15/2022": {
        "tvl": 226696.71938172696,
        "revenue": 137.95799826489258,
        "volume": 45746.907819306485,
        "rr": 0.0006085575417286466,
        "apr": 0.222123502730956
    },
    "5/16/2022": {
        "tvl": 227004.0073903513,
        "revenue": 90.66827075487956,
        "volume": 30726.9671553076,
        "rr": 0.00039941264384363187,
        "apr": 0.1457856150029256
    },
    "5/17/2022": {
        "tvl": 226494.65936022624,
        "revenue": 85.03972635021984,
        "volume": 28482.300786486576,
        "rr": 0.0003754601834340351,
        "apr": 0.1370429669534228
    },
    "5/18/2022": {
        "tvl": 217011.07869829886,
        "revenue": 64.9745553950065,
        "volume": 21499.99416833849,
        "rr": 0.00029940662838388,
        "apr": 0.1092834193601162
    },
    "5/19/2022": {
        "tvl": 221982.80286909058,
        "revenue": 55.64337377269582,
        "volume": 18783.920167108467,
        "rr": 0.0002506652454762915,
        "apr": 0.0914928145988464
    },
    "5/20/2022": {
        "tvl": 222289.3386817728,
        "revenue": 73.62812267851281,
        "volume": 24867.92303719914,
        "rr": 0.0003312265136742257,
        "apr": 0.1208976774910924
    },
    "5/21/2022": {
        "tvl": 226064.71886737386,
        "revenue": 55.89392326097313,
        "volume": 18829.0475740518,
        "rr": 0.0002472474410912594,
        "apr": 0.09024531599830968
    },
    "5/22/2022": {
        "tvl": 234180.56640814705,
        "revenue": 38.81602679124571,
        "volume": 13063.137920488292,
        "rr": 0.00016575255319689635,
        "apr": 0.060499681916867165
    },
    "5/23/2022": {
        "tvl": 236810.26546629303,
        "revenue": 89.61306483320602,
        "volume": 30191.860888876545,
        "rr": 0.00037841714613491415,
        "apr": 0.13812225833924366
    },
    "5/24/2022": {
        "tvl": 240758.18099453684,
        "revenue": 98.04402863736138,
        "volume": 32942.09146278374,
        "rr": 0.00040723030981691183,
        "apr": 0.14863906308317282
    },
    "5/25/2022": {
        "tvl": 248299.47288245554,
        "revenue": 75.82878193917313,
        "volume": 25739.201157558862,
        "rr": 0.00030539244026132233,
        "apr": 0.11146824069538265
    },
    "5/26/2022": {
        "tvl": 228417.3947433161,
        "revenue": 154.675972114462,
        "volume": 50271.828855360414,
        "rr": 0.0006771637172741552,
        "apr": 0.24716475680506667
    },
    "5/27/2022": {
        "tvl": 228541.49092572267,
        "revenue": 65.68096201010752,
        "volume": 22080.15095900859,
        "rr": 0.00028739185057410086,
        "apr": 0.10489802545954682
    },
    "5/28/2022": {
        "tvl": 235898.94389930667,
        "revenue": 46.60083284267999,
        "volume": 15717.17200379305,
        "rr": 0.0001975457459554017,
        "apr": 0.07210419727372162
    },
    "5/29/2022": {
        "tvl": 241253.4269812644,
        "revenue": 46.21508905623679,
        "volume": 15706.886091599172,
        "rr": 0.0001915624148204362,
        "apr": 0.06992028140945922
    },
    "5/30/2022": {
        "tvl": 244705.33645093165,
        "revenue": 66.00536264875203,
        "volume": 22129.411861039967,
        "rr": 0.0002697340548680165,
        "apr": 0.09845293002682601
    },
    "5/31/2022": {
        "tvl": 240947.88149523124,
        "revenue": 85.44799482630098,
        "volume": 28418.370134148525,
        "rr": 0.00035463268776651243,
        "apr": 0.12944093103477705
    },
    "6/1/2022": {
        "tvl": 229295.35852271185,
        "revenue": 119.50322047986644,
        "volume": 38919.68876854852,
        "rr": 0.0005211759245795181,
        "apr": 0.1902292124715241
    },
    "6/2/2022": {
        "tvl": 234970.6349196354,
        "revenue": 27.20879554531479,
        "volume": 9138.654408754059,
        "rr": 0.00011579657838785146,
        "apr": 0.04226575111156578
    },
    "6/3/2022": {
        "tvl": 227956.5590065551,
        "revenue": 41.924427828700495,
        "volume": 13833.049761775015,
        "rr": 0.00018391411070341223,
        "apr": 0.06712865040674545
    },
    "6/4/2022": {
        "tvl": 230169.40592224328,
        "revenue": 36.0734723509544,
        "volume": 12072.377409638966,
        "rr": 0.00015672574817845634,
        "apr": 0.05720489808513656
    },
    "6/5/2022": {
        "tvl": 241098.96364801397,
        "revenue": 66.28254854919523,
        "volume": 22486.15537165494,
        "rr": 0.0002749184299521199,
        "apr": 0.10034522693252375
    },
    "6/6/2022": {
        "tvl": 243409.27304790393,
        "revenue": 128.2906454940622,
        "volume": 43635.04797185333,
        "rr": 0.0005270573462039554,
        "apr": 0.19237593136444373
    },
    "6/7/2022": {
        "tvl": 239577.7497220755,
        "revenue": 90.02827663346041,
        "volume": 29790.784170021358,
        "rr": 0.00037577895584167806,
        "apr": 0.1371593188822125
    },
    "6/8/2022": {
        "tvl": 242128.59110672478,
        "revenue": 12.26064989082591,
        "volume": 4101.427014573598,
        "rr": 0.00005063693566622908,
        "apr": 0.018482481518173614
    },
    "6/9/2022": {
        "tvl": 253220.5674470043,
        "revenue": 107.51584813568675,
        "volume": 36538.357444149246,
        "rr": 0.0004245936624330028,
        "apr": 0.15497668678804602
    },
    "6/10/2022": {
        "tvl": 239404.22528873285,
        "revenue": 99.45537422449705,
        "volume": 32508.57959900341,
        "rr": 0.0004154286504532205,
        "apr": 0.15163145741542547
    },
    "6/11/2022": {
        "tvl": 218701.61982262242,
        "revenue": 143.7762011401868,
        "volume": 45726.79647658207,
        "rr": 0.0006574080304334108,
        "apr": 0.23995393110819493
    },
    "6/12/2022": {
        "tvl": 209726.11297165902,
        "revenue": 134.36550255413837,
        "volume": 43761.18737135319,
        "rr": 0.0006406713053051988,
        "apr": 0.23384502643639757
    },
    "6/13/2022": {
        "tvl": 197918.05680615254,
        "revenue": 321.3168851294638,
        "volume": 105600.67226060806,
        "rr": 0.0016234844375224043,
        "apr": 0.5925718196956775
    },
    "6/14/2022": {
        "tvl": 199311.87049076692,
        "revenue": 108.52036814162653,
        "volume": 35993.666883197526,
        "rr": 0.0005444751879274231,
        "apr": 0.19873344359350945
    },
    "6/15/2022": {
        "tvl": 204785.80169530323,
        "revenue": 176.14054849359732,
        "volume": 60541.99198687654,
        "rr": 0.0008601209021105545,
        "apr": 0.31394412927035237
    },
    "6/16/2022": {
        "tvl": 198508.4962423509,
        "revenue": 127.46760745629523,
        "volume": 42354.32313646112,
        "rr": 0.0006421267092803687,
        "apr": 0.2343762488873346
    },
    "6/17/2022": {
        "tvl": 197202.59452636205,
        "revenue": 95.08215537415573,
        "volume": 31372.055031286818,
        "rr": 0.0004821546876831032,
        "apr": 0.17598646100433268
    },
    "6/18/2022": {
        "tvl": 188474.17380861085,
        "revenue": 203.866645428945,
        "volume": 67273.99060538014,
        "rr": 0.001081668863745569,
        "apr": 0.3948091352671327
    },
    "6/19/2022": {
        "tvl": 195795.6295777586,
        "revenue": 113.86324246784592,
        "volume": 38531.69137474026,
        "rr": 0.0005815412872769261,
        "apr": 0.212262569856078
    },
    "6/20/2022": {
        "tvl": 200496.8739310965,
        "revenue": 94.12004543066641,
        "volume": 31387.77639942315,
        "rr": 0.00046943397961911397,
        "apr": 0.1713434025609766
    },
    "6/21/2022": {
        "tvl": 197888.4932159866,
        "revenue": 107.80574560596007,
        "volume": 35128.18230932827,
        "rr": 0.0005447802641475209,
        "apr": 0.19884479641384512
    },
    "6/22/2022": {
        "tvl": 198737.93458272624,
        "revenue": 80.75965772143094,
        "volume": 27088.444626060882,
        "rr": 0.0004063625693353178,
        "apr": 0.14832233780739099
    },
    "6/23/2022": {
        "tvl": 205570.85144768129,
        "revenue": 151.0852911197948,
        "volume": 51562.277256400535,
        "rr": 0.0007349548345780271,
        "apr": 0.26825851462097994
    },
    "6/24/2022": {
        "tvl": 209916.6511378966,
        "revenue": 156.74427926904343,
        "volume": 53436.89202863733,
        "rr": 0.0007466976936768887,
        "apr": 0.2725446581920644
    },
    "6/25/2022": {
        "tvl": 210771.75612467848,
        "revenue": 115.0668142415932,
        "volume": 39053.85572102173,
        "rr": 0.0005459308986993845,
        "apr": 0.1992647780252753
    },
    "6/26/2022": {
        "tvl": 206727.56465489964,
        "revenue": 75.10719882655022,
        "volume": 24823.097361318367,
        "rr": 0.0003633148726534379,
        "apr": 0.13260992851850484
    },
    "6/27/2022": {
        "tvl": 215965.37604666504,
        "revenue": 155.71551607984952,
        "volume": 53039.65719354106,
        "rr": 0.0007210207438353594,
        "apr": 0.26317257149990614
    },
    "6/28/2022": {
        "tvl": 209670.02114501531,
        "revenue": 97.42640602156258,
        "volume": 31734.48958203869,
        "rr": 0.00046466540848097204,
        "apr": 0.1696028740955548
    },
    "6/29/2022": {
        "tvl": 204533.48737263677,
        "revenue": 98.83789724296868,
        "volume": 32479.977588070687,
        "rr": 0.0004832357699103681,
        "apr": 0.17638105601728438
    },
    "6/30/2022": {
        "tvl": 199209.28729158043,
        "revenue": 111.71975986815467,
        "volume": 37083.518584209414,
        "rr": 0.0005608160211156807,
        "apr": 0.20469784770722346
    },
    "7/1/2022": {
        "tvl": 131555.42990105654,
        "revenue": 48.9066610261249,
        "volume": 16662.080166159525,
        "rr": 0.00037175706896254933,
        "apr": 0.1356913301713305
    },
    "7/2/2022": {
        "tvl": 132929.29220965793,
        "revenue": 21.81750471496792,
        "volume": 7313.883254261591,
        "rr": 0.0001641286457807738,
        "apr": 0.05990695570998244
    },
    "7/3/2022": {
        "tvl": 133020.02150078738,
        "revenue": 19.52347251979415,
        "volume": 6587.460848276003,
        "rr": 0.0001467709319207905,
        "apr": 0.05357139015108853
    },
    "7/4/2022": {
        "tvl": 136743.43397894932,
        "revenue": 21.498959194225783,
        "volume": 7264.428122934204,
        "rr": 0.00015722114450874032,
        "apr": 0.057385717745690214
    },
    "7/5/2022": {
        "tvl": 134037.6965654836,
        "revenue": 38.481993302567425,
        "volume": 12763.8610091975,
        "rr": 0.0002870982886800594,
        "apr": 0.1047908753682217
    },
    "7/6/2022": {
        "tvl": 136996.5964644212,
        "revenue": 25.413657547753644,
        "volume": 8592.877830868028,
        "rr": 0.00018550575856352548,
        "apr": 0.0677096018756868
    },
    "7/7/2022": {
        "tvl": 138655.77732136304,
        "revenue": 16.69187608415159,
        "volume": 5624.924796141563,
        "rr": 0.00012038355996854544,
        "apr": 0.043939999388519085
    },
    "7/8/2022": {
        "tvl": 138629.94256609425,
        "revenue": 28.91972981496729,
        "volume": 9743.46261614178,
        "rr": 0.00020861099182219818,
        "apr": 0.07614301201510233
    },
    "7/9/2022": {
        "tvl": 138841.68650475994,
        "revenue": 24.986140771344484,
        "volume": 8278.124745739928,
        "rr": 0.000179961374716432,
        "apr": 0.06568590177149768
    },
    "7/10/2022": {
        "tvl": 141225.03490084157,
        "revenue": 37.55255744897857,
        "volume": 12723.862358898985,
        "rr": 0.0002659058110719914,
        "apr": 0.09705562104127687
    },
    "7/11/2022": {
        "tvl": 138631.5668262633,
        "revenue": 62.25659945341977,
        "volume": 20498.785553344773,
        "rr": 0.00044907953418315877,
        "apr": 0.16391402997685295
    },
    "7/12/2022": {
        "tvl": 133615.19268349928,
        "revenue": 67.5808317503274,
        "volume": 22331.686962314394,
        "rr": 0.0005057870320960384,
        "apr": 0.184612266715054
    },
    "7/13/2022": {
        "tvl": 136086.0445692281,
        "revenue": 43.9302219875373,
        "volume": 14971.234695818914,
        "rr": 0.00032281210117169386,
        "apr": 0.11782641692766825
    },
    "7/14/2022": {
        "tvl": 138547.0423047016,
        "revenue": 44.523459573455405,
        "volume": 15104.84075621503,
        "rr": 0.0003213598705018656,
        "apr": 0.11729635273318094
    },
    "7/15/2022": {
        "tvl": 137846.14881611223,
        "revenue": 34.11437360225826,
        "volume": 11335.08239510822,
        "rr": 0.00024748151395776087,
        "apr": 0.09033075259458272
    },
    "7/16/2022": {
        "tvl": 139670.95763303258,
        "revenue": 40.36732079237334,
        "volume": 13533.862706985377,
        "rr": 0.0002890172837393531,
        "apr": 0.10549130856486388
    },
    "7/17/2022": {
        "tvl": 140829.06957545233,
        "revenue": 50.75983787134449,
        "volume": 17096.09700230464,
        "rr": 0.0003604357965608,
        "apr": 0.131559065744692
    },
    "7/18/2022": {
        "tvl": 143557.07259657938,
        "revenue": 93.69115574464554,
        "volume": 31336.057356581656,
        "rr": 0.0006526404728796202,
        "apr": 0.23821377260106139
    },
    "7/19/2022": {
        "tvl": 146713.96331569582,
        "revenue": 40.46137006536498,
        "volume": 13691.947697390418,
        "rr": 0.00027578404366529935,
        "apr": 0.10066117593783426
    },
    "7/20/2022": {
        "tvl": 139074.9008285787,
        "revenue": 65.27141877781705,
        "volume": 21008.10796469085,
        "rr": 0.0004693256539385885,
        "apr": 0.1713038636875848
    },
    "7/21/2022": {
        "tvl": 143625.38910809267,
        "revenue": 34.31690646039003,
        "volume": 11523.458757435583,
        "rr": 0.000238933427254725,
        "apr": 0.08721070094797462
    },
    "7/22/2022": {
        "tvl": 147373.33265592705,
        "revenue": 35.049284367599974,
        "volume": 11644.240953955521,
        "rr": 0.00023782650318039317,
        "apr": 0.0868066736608435
    },
    "7/23/2022": {
        "tvl": 148599.83093098956,
        "revenue": 36.31620518647705,
        "volume": 12275.443040902155,
        "rr": 0.0002443892766159503,
        "apr": 0.08920208596482185
    },
    "7/24/2022": {
        "tvl": 143759.98670328528,
        "revenue": 45.43488744007838,
        "volume": 14742.881413034147,
        "rr": 0.0003160468255597027,
        "apr": 0.11535709132929146
    },
    "7/25/2022": {
        "tvl": 138094.7123733116,
        "revenue": 59.65812160049131,
        "volume": 19714.323087660403,
        "rr": 0.0004320087320882891,
        "apr": 0.15768318721222552
    },
    "7/26/2022": {
        "tvl": 139724.6257822695,
        "revenue": 28.499118474787906,
        "volume": 9612.533080150217,
        "rr": 0.00020396632530043487,
        "apr": 0.07444770873465872
    },
    "7/27/2022": {
        "tvl": 145068.39720841355,
        "revenue": 36.14059741422656,
        "volume": 12361.797553507984,
        "rr": 0.0002491279845210181,
        "apr": 0.09093171435017162
    },
    "7/28/2022": {
        "tvl": 149119.49677376822,
        "revenue": 28.502468390001987,
        "volume": 9665.499487703535,
        "rr": 0.00019113844270305966,
        "apr": 0.06976553158661677
    },
    "7/29/2022": {
        "tvl": 150700.82751512958,
        "revenue": 30.73409831536421,
        "volume": 10275.994321584703,
        "rr": 0.00020394113836089364,
        "apr": 0.07443851550172617
    },
    "7/30/2022": {
        "tvl": 155224.25388887463,
        "revenue": 22.540988634198442,
        "volume": 7566.342384099036,
        "rr": 0.0001452156352468963,
        "apr": 0.05300370686511714
    },
    "7/31/2022": {
        "tvl": 152868.39497962018,
        "revenue": 16.355670561870202,
        "volume": 5425.875909333765,
        "rr": 0.0001069918380712421,
        "apr": 0.03905202089600337
    },
    "8/1/2022": {
        "tvl": 149490.45579944874,
        "revenue": 42.99722343965182,
        "volume": 14014.256622439168,
        "rr": 0.00028762520797538687,
        "apr": 0.10498320091101619
    },
    "8/2/2022": {
        "tvl": 149864.44753158372,
        "revenue": 40.0764499072963,
        "volume": 13332.042767041316,
        "rr": 0.00026741799384307104,
        "apr": 0.09760756775272093
    },
    "8/3/2022": {
        "tvl": 152861.87874214086,
        "revenue": 13.325595385970457,
        "volume": 4460.741968872768,
        "rr": 0.00008717409137989919,
        "apr": 0.0318185433536632
    },
    "8/4/2022": {
        "tvl": 156187.96751222794,
        "revenue": 31.496181526626287,
        "volume": 10610.527314498402,
        "rr": 0.00020165562064926963,
        "apr": 0.07360430153698341
    },
    "8/5/2022": {
        "tvl": 156315.95262511936,
        "revenue": 14.891629386062581,
        "volume": 4964.177345446461,
        "rr": 0.00009526621650559262,
        "apr": 0.034772169024541305
    },
    "8/6/2022": {
        "tvl": 156662.7367150775,
        "revenue": 10.982882197028184,
        "volume": 3667.986504470549,
        "rr": 0.0000701052619615777,
        "apr": 0.025588420615975858
    },
    "8/7/2022": {
        "tvl": 159033.88854044751,
        "revenue": 11.653947757288313,
        "volume": 3880.7898381716673,
        "rr": 0.00007327965042069843,
        "apr": 0.02674707240355493
    },
    "8/8/2022": {
        "tvl": 157573.6092485007,
        "revenue": 19.743414869398883,
        "volume": 6548.452132300443,
        "rr": 0.0001252964564533305,
        "apr": 0.045733206605465634
    },
    "8/9/2022": {
        "tvl": 153291.92780978756,
        "revenue": 48.67506018430494,
        "volume": 16058.66683632845,
        "rr": 0.00031753178970195635,
        "apr": 0.11589910324121407
    },
    "8/10/2022": {
        "tvl": 158996.62626935128,
        "revenue": 17.941153387123897,
        "volume": 6034.900387964691,
        "rr": 0.00011283983697069359,
        "apr": 0.04118654049430316
    },
    "8/11/2022": {
        "tvl": 158578.28425692598,
        "revenue": 9.938535435873716,
        "volume": 3299.952152587571,
        "rr": 0.00006267273909819493,
        "apr": 0.022875549770841153
    },
    "8/12/2022": {
        "tvl": 159664.8450492989,
        "revenue": 4.776775047095416,
        "volume": 1602.286921218587,
        "rr": 0.000029917512810165044,
        "apr": 0.01091989217571024
    },
    "8/13/2022": {
        "tvl": 158949.5419893543,
        "revenue": 1.7005123926281622,
        "volume": 564.4857049457592,
        "rr": 0.000010698441601939656,
        "apr": 0.003904931184707974
    },
    "8/14/2022": {
        "tvl": 156579.67341772834,
        "revenue": 34.82814779900798,
        "volume": 11551.596648363877,
        "rr": 0.0002224308368947246,
        "apr": 0.08118725546657447
    },
    "8/15/2022": {
        "tvl": 153765.39369014863,
        "revenue": 22.03922624145533,
        "volume": 7261.919349979265,
        "rr": 0.00014333021047548835,
        "apr": 0.05231552682355325
    },
    "8/16/2022": {
        "tvl": 162120.8371308222,
        "revenue": 23.891867008545145,
        "volume": 8058.950382667605,
        "rr": 0.0001473707355043188,
        "apr": 0.05379031845907636
    },
    "8/17/2022": {
        "tvl": 157068.12141785724,
        "revenue": 32.76581410320087,
        "volume": 10790.667009392238,
        "rr": 0.00020860893864027387,
        "apr": 0.07614226260369997
    },
    "8/18/2022": {
        "tvl": 149786.1964567792,
        "revenue": 33.15303739025887,
        "volume": 10628.682453506179,
        "rr": 0.0002213357316929079,
        "apr": 0.08078754206791139
    },
    "8/19/2022": {
        "tvl": 145386.18060761917,
        "revenue": 51.84692296346879,
        "volume": 17105.051623406776,
        "rr": 0.0003566152074893402,
        "apr": 0.13016455073360916
    },
    "8/20/2022": {
        "tvl": 144455.6311257158,
        "revenue": 21.793583062468954,
        "volume": 7215.954000775169,
        "rr": 0.0001508669678892794,
        "apr": 0.055066443279586985
    },
    "8/21/2022": {
        "tvl": 146431.47433548086,
        "revenue": 31.348968486888374,
        "volume": 10440.024969781472,
        "rr": 0.00021408627229325389,
        "apr": 0.07814148938703766
    },
    "8/22/2022": {
        "tvl": 145077.84675302773,
        "revenue": 60.237533393798145,
        "volume": 20191.68918220835,
        "rr": 0.00041520835015109575,
        "apr": 0.15155104780514994
    },
    "8/23/2022": {
        "tvl": 143498.9123668747,
        "revenue": 26.755768023720904,
        "volume": 8816.580065076216,
        "rr": 0.00018645275829907412,
        "apr": 0.06805525677916205
    },
    "8/24/2022": {
        "tvl": 146161.69291442895,
        "revenue": 19.514640539623006,
        "volume": 6482.621998312511,
        "rr": 0.0001335140565938022,
        "apr": 0.04873263065673781
    },
    "8/25/2022": {
        "tvl": 148141.4104374356,
        "revenue": 9.794118804935485,
        "volume": 3266.2567098353106,
        "rr": 0.000066113308736667,
        "apr": 0.024131357688883456
    },
    "8/26/2022": {
        "tvl": 139663.73499546025,
        "revenue": 33.204076373807595,
        "volume": 10554.34410193823,
        "rr": 0.0002377430073374945,
        "apr": 0.0867761976781855
    },
    "8/27/2022": {
        "tvl": 139496.40503506563,
        "revenue": 22.557899068664696,
        "volume": 7511.838821128174,
        "rr": 0.0001617095369804996,
        "apr": 0.05902398099788236
    },
    "8/28/2022": {
        "tvl": 138942.63439541985,
        "revenue": 12.398074736318662,
        "volume": 4100.620700207616,
        "rr": 0.00008923160835596879,
        "apr": 0.03256953704992861
    },
    "8/29/2022": {
        "tvl": 141517.6219870757,
        "revenue": 25.334163718624264,
        "volume": 8463.865815057221,
        "rr": 0.00017901773194675322,
        "apr": 0.06534147216056492
    },
    "8/30/2022": {
        "tvl": 142529.41159307744,
        "revenue": 25.502760657697273,
        "volume": 8565.656289107077,
        "rr": 0.00017892981085551555,
        "apr": 0.06530938096226317
    },
    "8/31/2022": {
        "tvl": 141207.20072497518,
        "revenue": 42.876671355623095,
        "volume": 14143.702006375604,
        "rr": 0.0003036436607728854,
        "apr": 0.11082993618210316
    },
    "9/1/2022": {
        "tvl": 143602.8621106051,
        "revenue": 22.552280135456822,
        "volume": 7608.8859415490115,
        "rr": 0.0001570461744563748,
        "apr": 0.0573218536765768
    },
    "9/2/2022": {
        "tvl": 140398.78775086388,
        "revenue": 10.884358389841855,
        "volume": 3533.9707151788643,
        "rr": 0.00007752458952249667,
        "apr": 0.028296475175711284
    },
    "9/3/2022": {
        "tvl": 141863.92575033827,
        "revenue": 4.8970317590735775,
        "volume": 1632.7579028766386,
        "rr": 0.00003451921785734102,
        "apr": 0.012599514517929473
    },
    "9/4/2022": {
        "tvl": 143453.59830267605,
        "revenue": 5.934550609903326,
        "volume": 1991.4525791593194,
        "rr": 0.00004136913036772965,
        "apr": 0.01509973258422132
    },
    "9/5/2022": {
        "tvl": 143149.6337644095,
        "revenue": 28.749408645458676,
        "volume": 9577.093101735696,
        "rr": 0.0002008346643259557,
        "apr": 0.07330465247897383
    },
    "9/6/2022": {
        "tvl": 137268.2776761544,
        "revenue": 40.699722968516944,
        "volume": 13131.750897743992,
        "rr": 0.0002964976588730603,
        "apr": 0.108221645488667
    },
    "9/7/2022": {
        "tvl": 140750.50684833722,
        "revenue": 21.458022598191814,
        "volume": 7204.433359375376,
        "rr": 0.0001524543184864937,
        "apr": 0.055645826247570196
    },
    "9/8/2022": {
        "tvl": 146460.99190065003,
        "revenue": 21.73746518607317,
        "volume": 7347.479789799043,
        "rr": 0.00014841812078412322,
        "apr": 0.054172614086204975
    },
    "9/9/2022": {
        "tvl": 148312.7901943132,
        "revenue": 51.89631033933878,
        "volume": 17348.328909618052,
        "rr": 0.00034991122661333807,
        "apr": 0.12771759771386837
    },
    "9/10/2022": {
        "tvl": 148664.07547530628,
        "revenue": 10.902250013308235,
        "volume": 3618.9283998455844,
        "rr": 0.00007333479846056786,
        "apr": 0.026767201438107267
    },
    "9/11/2022": {
        "tvl": 148262.76625397612,
        "revenue": 22.105194291592657,
        "volume": 7219.715555780474,
        "rr": 0.0001490947110330193,
        "apr": 0.05441956952705205
    },
    "9/12/2022": {
        "tvl": 147010.7629213201,
        "revenue": 14.561668282776237,
        "volume": 4773.651875401815,
        "rr": 0.00009905171562553971,
        "apr": 0.036153876203322
    },
    "9/13/2022": {
        "tvl": 143393.59118116187,
        "revenue": 27.67630067119576,
        "volume": 9060.797091063243,
        "rr": 0.00019300932798474815,
        "apr": 0.07044840471443307
    },
    "9/14/2022": {
        "tvl": 143300.34512503888,
        "revenue": 16.07356141381517,
        "volume": 5334.797591660828,
        "rr": 0.00011216694139703531,
        "apr": 0.040940933609917886
    },
    "9/15/2022": {
        "tvl": 142297.5903706556,
        "revenue": 4.612628957129179,
        "volume": 1507.9278141938482,
        "rr": 0.000032415369403756174,
        "apr": 0.011831609832371004
    },
    "9/16/2022": {
        "tvl": 142944.34182644062,
        "revenue": 4.685538409544714,
        "volume": 1552.8383809600386,
        "rr": 0.00003277876094762656,
        "apr": 0.011964247745883696
    },
    "9/17/2022": {
        "tvl": 143144.08382806467,
        "revenue": 3.006735667184655,
        "volume": 999.0240884102112,
        "rr": 0.00002100495938620942,
        "apr": 0.007666810175966438
    },
    "9/18/2022": {
        "tvl": 137260.19960659428,
        "revenue": 17.068462035536278,
        "volume": 5482.313984537012,
        "rr": 0.00012435113808996874,
        "apr": 0.04538816540283859
    },
    "9/19/2022": {
        "tvl": 141495.58632906177,
        "revenue": 15.67853171415799,
        "volume": 5241.684387866806,
        "rr": 0.00011080580052649865,
        "apr": 0.04044411719217201
    },
    "9/20/2022": {
        "tvl": 140517.6372303385,
        "revenue": 14.903760909421399,
        "volume": 4930.953678990954,
        "rr": 0.00010606327577933112,
        "apr": 0.03871309565945586
    },
    "9/21/2022": {
        "tvl": 137949.5982479269,
        "revenue": 53.991413138853765,
        "volume": 17721.555035174217,
        "rr": 0.0003913850697978756,
        "apr": 0.1428555504762246
    },
    "9/22/2022": {
        "tvl": 142971.1332610798,
        "revenue": 10.303530657557166,
        "volume": 3458.2607130664887,
        "rr": 0.00007206720981040188,
        "apr": 0.026304531580796688
    },
    "9/23/2022": {
        "tvl": 142307.2058848174,
        "revenue": 20.018325105401768,
        "volume": 6702.246061895508,
        "rr": 0.00014066979237583007,
        "apr": 0.05134447421717798
    },
    "9/24/2022": {
        "tvl": 140632.38839094233,
        "revenue": 5.317619339323897,
        "volume": 1730.3871696810704,
        "rr": 0.00003781219532830168,
        "apr": 0.013801451294830113
    },
    "9/25/2022": {
        "tvl": 139712.851153659,
        "revenue": 5.11021241449257,
        "volume": 1673.646445335718,
        "rr": 0.00003657653803709335,
        "apr": 0.013350436383539072
    },
    "9/26/2022": {
        "tvl": 142588.51463730098,
        "revenue": 29.97724263216347,
        "volume": 10226.360203507395,
        "rr": 0.00021023602573051463,
        "apr": 0.07673614939163784
    },
    "9/27/2022": {
        "tvl": 137327.78772710563,
        "revenue": 12.193691451323543,
        "volume": 3899.0254275600873,
        "rr": 0.00008879260092323444,
        "apr": 0.03240929933698057
    },
    "9/28/2022": {
        "tvl": 138353.6106772556,
        "revenue": 3.65326627801083,
        "volume": 1214.0281488414905,
        "rr": 0.00002640528324579101,
        "apr": 0.009637928384713718
    },
    "9/29/2022": {
        "tvl": 138297.07176402022,
        "revenue": 1.6589375754984603,
        "volume": 549.967277859168,
        "rr": 0.000011995464215823364,
        "apr": 0.004378344438775527
    },
    "9/30/2022": {
        "tvl": 138319.43335017542,
        "revenue": 4.736004788533138,
        "volume": 1564.4234343787568,
        "rr": 0.000034239619653033605,
        "apr": 0.012497461173357264
    },
    "10/1/2022": {
        "tvl": 137635.0826571552,
        "revenue": 2.3421109237660516,
        "volume": 770.900817975942,
        "rr": 0.00001701681634180566,
        "apr": 0.006211137964759066
    },
    "10/2/2022": {
        "tvl": 136529.68835058765,
        "revenue": 17.391316334092497,
        "volume": 5829.68824708148,
        "rr": 0.0001273812058329337,
        "apr": 0.046494140129020804
    },
    "10/3/2022": {
        "tvl": 138307.44443227872,
        "revenue": 6.834928953445745,
        "volume": 2281.3720874987903,
        "rr": 0.000049418373548160096,
        "apr": 0.018037706345078435
    },
    "10/4/2022": {
        "tvl": 139261.07360623105,
        "revenue": 2.5064460419075205,
        "volume": 834.8710998718019,
        "rr": 0.00001799818123616256,
        "apr": 0.006569336151199335
    },
    "10/5/2022": {
        "tvl": 138997.2564581969,
        "revenue": 8.096135497275366,
        "volume": 2696.6578634440702,
        "rr": 0.00005824672877417735,
        "apr": 0.02126005600257473
    },
    "10/6/2022": {
        "tvl": 138176.61605227113,
        "revenue": 5.414227160974062,
        "volume": 1784.6992297585903,
        "rr": 0.000039183382222400805,
        "apr": 0.014301934511176293
    },
    "10/7/2022": {
        "tvl": 137175.54677286238,
        "revenue": 16.83593813563887,
        "volume": 5603.630943040851,
        "rr": 0.00012273279408549472,
        "apr": 0.04479746984120558
    },
    "10/8/2022": {
        "tvl": 137179.74462452615,
        "revenue": 7.219571926608163,
        "volume": 2409.755309556442,
        "rr": 0.00005262855639780355,
        "apr": 0.019209423085198296
    },
    "10/9/2022": {
        "tvl": 138099.87380601416,
        "revenue": 2.284170880780488,
        "volume": 760.4807129246436,
        "rr": 0.0000165399925273575,
        "apr": 0.006037097272485488
    },
    "10/10/2022": {
        "tvl": 134197.89869147388,
        "revenue": 34.17253970155473,
        "volume": 11250.064433616719,
        "rr": 0.0002546428821521171,
        "apr": 0.09294465198552274
    },
    "10/11/2022": {
        "tvl": 134285.2387834101,
        "revenue": 11.496470945050481,
        "volume": 3828.3616778209193,
        "rr": 0.0000856123208269618,
        "apr": 0.031248497101841057
    },
    "10/12/2022": {
        "tvl": 132880.8796601506,
        "revenue": 13.227764123053934,
        "volume": 4387.399975725697,
        "rr": 0.00009954603067713424,
        "apr": 0.036334301197153994
    },
    "10/13/2022": {
        "tvl": 136053.27310820014,
        "revenue": 46.206088797223764,
        "volume": 15697.865946182297,
        "rr": 0.00033961761993389964,
        "apr": 0.12396043127587336
    },
    "10/14/2022": {
        "tvl": 135231.25095355668,
        "revenue": 10.49845969270784,
        "volume": 3463.6514538521997,
        "rr": 0.0000776333844335537,
        "apr": 0.0283361853182471
    },
    "10/15/2022": {
        "tvl": 134910.34689969907,
        "revenue": 3.5407627818040197,
        "volume": 1170.136660813291,
        "rr": 0.000026245301885084083,
        "apr": 0.009579535188055691
    },
    "10/16/2022": {
        "tvl": 135521.3318699039,
        "revenue": 2.9664153390729666,
        "volume": 989.4593826334568,
        "rr": 0.00002188891813667113,
        "apr": 0.007989455119884963
    },
    "10/17/2022": {
        "tvl": 136182.61080729874,
        "revenue": 4.985587998779073,
        "volume": 1662.0167468654013,
        "rr": 0.000036609578632868075,
        "apr": 0.013362496200996847
    },
    "10/18/2022": {
        "tvl": 135760.59196027502,
        "revenue": 15.668056340656962,
        "volume": 5202.274961706428,
        "rr": 0.00011540945803507987,
        "apr": 0.042124452182804153
    },
    "10/19/2022": {
        "tvl": 133385.21149698528,
        "revenue": 16.691536408123984,
        "volume": 5534.306012368899,
        "rr": 0.00012513783365332998,
        "apr": 0.04567530928346545
    },
    "10/20/2022": {
        "tvl": 133240.95986279214,
        "revenue": 22.989070873601236,
        "volume": 7681.407789128504,
        "rr": 0.00017253756575511575,
        "apr": 0.06297621150061725
    },
    "10/21/2022": {
        "tvl": 133709.35199941308,
        "revenue": 14.122010424427554,
        "volume": 4693.895582862007,
        "rr": 0.00010561722282888292,
        "apr": 0.03855028633254227
    },
    "10/22/2022": {
        "tvl": 134030.99210774302,
        "revenue": 1.8484763642055966,
        "volume": 611.9879053932988,
        "rr": 0.000013791409995082842,
        "apr": 0.005033864648205238
    },
    "10/23/2022": {
        "tvl": 134927.88286376107,
        "revenue": 4.867491788542138,
        "volume": 1623.5039065075084,
        "rr": 0.00003607476590629473,
        "apr": 0.013167289555797579
    },
    "10/24/2022": {
        "tvl": 135259.41575221,
        "revenue": 9.930148219049961,
        "volume": 3317.648516868715,
        "rr": 0.00007341557823406251,
        "apr": 0.026796686055432815
    },
    "10/25/2022": {
        "tvl": 137237.76757799677,
        "revenue": 20.110030439640074,
        "volume": 6788.99069359151,
        "rr": 0.00014653422883909037,
        "apr": 0.05348499352626798
    },
    "10/26/2022": {
        "tvl": 139375.8557171756,
        "revenue": 15.475554124478554,
        "volume": 5185.557163333485,
        "rr": 0.00011103468419868841,
        "apr": 0.040527659732521266
    },
    "10/27/2022": {
        "tvl": 137621.79228641244,
        "revenue": 11.915545452050013,
        "volume": 3900.7577318787116,
        "rr": 0.00008658182148399799,
        "apr": 0.03160236484165927
    },
    "10/28/2022": {
        "tvl": 139846.7048594166,
        "revenue": 6.144923136078417,
        "volume": 2055.4989792988285,
        "rr": 0.000043940421351047995,
        "apr": 0.01603825379313252
    },
    "10/29/2022": {
        "tvl": 138908.2244483327,
        "revenue": 7.001006584990568,
        "volume": 2312.7791526635633,
        "rr": 0.000050400230891977255,
        "apr": 0.018396084275571697
    },
    "10/30/2022": {
        "tvl": 138386.89698535737,
        "revenue": 8.978533997485762,
        "volume": 2976.4577284502884,
        "rr": 0.00006487994306596653,
        "apr": 0.023681179219077784
    },
    "10/31/2022": {
        "tvl": 138492.9389314341,
        "revenue": 18.859810928880197,
        "volume": 6270.533268382538,
        "rr": 0.0001361788627954341,
        "apr": 0.049705284920333444
    },
    "11/1/2022": {
        "tvl": 137551.1935766085,
        "revenue": 13.266531554339169,
        "volume": 4403.171506343865,
        "rr": 0.00009644795664350551,
        "apr": 0.03520350417487951
    },
    "11/2/2022": {
        "tvl": 137685.79561794575,
        "revenue": 19.07151981251711,
        "volume": 6422.194302285727,
        "rr": 0.00013851479542186963,
        "apr": 0.050557900328982414
    },
    "11/3/2022": {
        "tvl": 135979.8259789405,
        "revenue": 13.007401122768707,
        "volume": 4334.235772267235,
        "rr": 0.00009565684489685398,
        "apr": 0.03491474838735171
    },
    "11/4/2022": {
        "tvl": 139733.12418737708,
        "revenue": 20.243218969200914,
        "volume": 6820.769058092735,
        "rr": 0.0001448705815956386,
        "apr": 0.05287776228240809
    },
    "11/5/2022": {
        "tvl": 138963.53708224517,
        "revenue": 18.66745917649664,
        "volume": 6195.519955954501,
        "rr": 0.00013433350624522718,
        "apr": 0.04903172977950791
    },
    "11/6/2022": {
        "tvl": 136704.03919341593,
        "revenue": 12.512765318239778,
        "volume": 4132.094554232321,
        "rr": 0.00009153178934629774,
        "apr": 0.03340910311139868
    },
    "11/7/2022": {
        "tvl": 134909.4725513541,
        "revenue": 30.68486565431703,
        "volume": 9948.829504476815,
        "rr": 0.00022744782166898365,
        "apr": 0.08301845490917904
    },
    "11/8/2022": {
        "tvl": 126704.41422575522,
        "revenue": 75.42564488361812,
        "volume": 24407.747675426457,
        "rr": 0.0005952882174193923,
        "apr": 0.21728019935807819
    },
    "11/9/2022": {
        "tvl": 119904.67849454116,
        "revenue": 55.11029312596446,
        "volume": 18332.50574467217,
        "rr": 0.00045961753801352663,
        "apr": 0.16776040137493722
    },
    "11/10/2022": {
        "tvl": 121937.15285195975,
        "revenue": 50.48623426226018,
        "volume": 16947.660460368137,
        "rr": 0.00041403487847181415,
        "apr": 0.15112273064221218
    },
    "11/11/2022": {
        "tvl": 118915.26651494687,
        "revenue": 36.54622831477325,
        "volume": 12069.610682468727,
        "rr": 0.0003073299954314918,
        "apr": 0.11217544833249452
    },
    "11/12/2022": {
        "tvl": 119760.55850039904,
        "revenue": 12.371097702139304,
        "volume": 4174.566771661353,
        "rr": 0.00010329859727648216,
        "apr": 0.03770398800591599
    },
    "11/13/2022": {
        "tvl": 113054.12881258063,
        "revenue": 40.51431179674412,
        "volume": 13020.251149932177,
        "rr": 0.00035836207153396504,
        "apr": 0.13080215610989723
    },
    "11/14/2022": {
        "tvl": 117604.75000368388,
        "revenue": 18.068139854543833,
        "volume": 6073.282829676739,
        "rr": 0.0001536344395441329,
        "apr": 0.0560765704336085
    },
    "11/15/2022": {
        "tvl": 117639.29496506204,
        "revenue": 3.0187474441974818,
        "volume": 1003.9746708748505,
        "rr": 0.00002566104671992489,
        "apr": 0.009366282052772585
    },
    "11/16/2022": {
        "tvl": 114761.21067590802,
        "revenue": 16.727405204857494,
        "volume": 5505.543334405947,
        "rr": 0.00014575835429356533,
        "apr": 0.05320179931715135
    },
    "11/17/2022": {
        "tvl": 114870.27002332642,
        "revenue": 8.445926669932003,
        "volume": 2808.754423609876,
        "rr": 0.00007352578407116924,
        "apr": 0.026836911185976774
    },
    "11/18/2022": {
        "tvl": 115451.06084726236,
        "revenue": 3.2780242549862826,
        "volume": 1092.6813768839384,
        "rr": 0.000028393193019880448,
        "apr": 0.010363515452256365
    },
    "11/19/2022": {
        "tvl": 116663.51612024652,
        "revenue": 3.8304956877451537,
        "volume": 1281.0740404729495,
        "rr": 0.00003283370684453754,
        "apr": 0.011984302998256202
    },
    "11/20/2022": {
        "tvl": 113508.26228439505,
        "revenue": 11.63308412912666,
        "volume": 3782.0192924433254,
        "rr": 0.00010248667273206912,
        "apr": 0.03740763554720523
    },
    "11/21/2022": {
        "tvl": 112932.87360783946,
        "revenue": 18.557302373950574,
        "volume": 6203.123881555089,
        "rr": 0.00016432152818842628,
        "apr": 0.059977357788775595
    },
    "11/22/2022": {
        "tvl": 115909.11329786868,
        "revenue": 13.491232616251033,
        "volume": 4589.64122066,
        "rr": 0.00011639492557915295,
        "apr": 0.042484147836390825
    },
    "11/23/2022": {
        "tvl": 117043.30531226569,
        "revenue": 8.429697884447215,
        "volume": 2829.9994635475637,
        "rr": 0.00007202204228560705,
        "apr": 0.02628804543424657
    },
    "11/24/2022": {
        "tvl": 115132.424031789,
        "revenue": 8.691494512632328,
        "volume": 2883.6555259782526,
        "rr": 0.00007549128393433752,
        "apr": 0.027554318636033193
    },
    "11/25/2022": {
        "tvl": 116386.58267822454,
        "revenue": 2.196629108577366,
        "volume": 733.8615214659924,
        "rr": 0.000018873559632302414,
        "apr": 0.006888849265790381
    },
    "11/26/2022": {
        "tvl": 115588.73378723662,
        "revenue": 3.3115095788992224,
        "volume": 1097.2413596890854,
        "rr": 0.000028649068731860104,
        "apr": 0.010456910087128938
    },
    "11/27/2022": {
        "tvl": 113806.744548931,
        "revenue": 14.44572612295228,
        "volume": 4762.794943294239,
        "rr": 0.00012693207401905224,
        "apr": 0.04633020701695407
    },
    "11/28/2022": {
        "tvl": 115467.8295369891,
        "revenue": 5.025912484036678,
        "volume": 1690.0913068573586,
        "rr": 0.00004352651733552047,
        "apr": 0.01588717882746497
    },
    "11/29/2022": {
        "tvl": 116529.77383834143,
        "revenue": 10.51098868746552,
        "volume": 3538.048607812025,
        "rr": 0.00009020002649320446,
        "apr": 0.032923009670019626
    },
    "11/30/2022": {
        "tvl": 117414.48479450216,
        "revenue": 11.772671760163306,
        "volume": 3922.092020113936,
        "rr": 0.00010026592358487742,
        "apr": 0.03659706210848026
    },
    "12/1/2022": {
        "tvl": 116587.5573209633,
        "revenue": 14.884546854571601,
        "volume": 4961.334738872724,
        "rr": 0.00012766839958396872,
        "apr": 0.046598965848148585
    },
    "12/2/2022": {
        "tvl": 117982.76232296259,
        "revenue": 11.690472602249,
        "volume": 3901.92974552109,
        "rr": 0.00009908627643628007,
        "apr": 0.036166490899242225
    },
    "12/3/2022": {
        "tvl": 116617.94639614664,
        "revenue": 13.117995019362166,
        "volume": 4334.047662284899,
        "rr": 0.00011248693211249704,
        "apr": 0.04105773022106142
    },
    "12/4/2022": {
        "tvl": 117123.90867688195,
        "revenue": 7.92849858427907,
        "volume": 2677.3834391905702,
        "rr": 0.00006769325472352517,
        "apr": 0.02470803797408669
    },
    "12/5/2022": {
        "tvl": 117403.54104058935,
        "revenue": 8.31027593995063,
        "volume": 2764.839656402539,
        "rr": 0.00007078386108539571,
        "apr": 0.025836109296169432
    },
    "12/6/2022": {
        "tvl": 117472.99385881636,
        "revenue": 10.46973687717643,
        "volume": 3496.020303488283,
        "rr": 0.0000891246279954299,
        "apr": 0.03253048921833191
    },
    "12/7/2022": {
        "tvl": 115685.41309508261,
        "revenue": 9.126308083308558,
        "volume": 3033.310238149385,
        "rr": 0.00007888901322250183,
        "apr": 0.028794489826213167
    },
    "12/8/2022": {
        "tvl": 116574.41498868541,
        "revenue": 4.364707689330126,
        "volume": 1460.134045745534,
        "rr": 0.00003744138617168922,
        "apr": 0.013666105952666565
    },
    "12/9/2022": {
        "tvl": 116068.85255043366,
        "revenue": 6.992076232931899,
        "volume": 2320.4942000294404,
        "rr": 0.00006024076295484817,
        "apr": 0.021987878478519584
    },
    "12/10/2022": {
        "tvl": 116781.00120386129,
        "revenue": 1.5077836424983173,
        "volume": 503.5242810081216,
        "rr": 0.000012911206677070888,
        "apr": 0.004712590437130874
    },
    "12/11/2022": {
        "tvl": 114511.3551304579,
        "revenue": 5.352999318603973,
        "volume": 1757.3977775679216,
        "rr": 0.00004674644983901841,
        "apr": 0.017062454191241718
    },
    "12/12/2022": {
        "tvl": 113068.24957066163,
        "revenue": 7.317750834802532,
        "volume": 2403.9177553186614,
        "rr": 0.00006471976759690905,
        "apr": 0.023622715172871803
    },
    "12/13/2022": {
        "tvl": 115109.10850301955,
        "revenue": 35.09099743582117,
        "volume": 11848.730166209889,
        "rr": 0.00030484987584540856,
        "apr": 0.11127020468357411
    },
    "12/14/2022": {
        "tvl": 113744.34567310316,
        "revenue": 9.203030262893106,
        "volume": 3066.8693521980126,
        "rr": 0.00008090978244617326,
        "apr": 0.029532070592853243
    },
    "12/15/2022": {
        "tvl": 113176.86803107447,
        "revenue": 3.032220118780155,
        "volume": 1007.4874667019466,
        "rr": 0.000026791871621218677,
        "apr": 0.009779033141744817
    },
    "12/16/2022": {
        "tvl": 107542.3470488861,
        "revenue": 34.68467464702735,
        "volume": 11272.622315910015,
        "rr": 0.0003225210867981201,
        "apr": 0.11772019668131384
    },
    "12/17/2022": {
        "tvl": 107423.69498325906,
        "revenue": 15.097676403413123,
        "volume": 5056.952282643432,
        "rr": 0.000140543261016724,
        "apr": 0.05129829027110426
    },
    "12/18/2022": {
        "tvl": 105997.81267533558,
        "revenue": 11.981668190322592,
        "volume": 3984.656989786121,
        "rr": 0.00011303693810193673,
        "apr": 0.041258482407206906
    },
    "12/19/2022": {
        "tvl": 104770.44541528683,
        "revenue": 22.776186568083627,
        "volume": 7678.808318179987,
        "rr": 0.0002173913309025639,
        "apr": 0.07934783577943583
    },
    "12/20/2022": {
        "tvl": 104087.91058245108,
        "revenue": 29.94893766066131,
        "volume": 9992.654610966916,
        "rr": 0.00028772734021726646,
        "apr": 0.10502047917930225
    },
    "12/21/2022": {
        "tvl": 104982.13785795699,
        "revenue": 13.608122770821595,
        "volume": 4567.5169028007285,
        "rr": 0.0001296232201827864,
        "apr": 0.04731247536671704
    },
    "12/22/2022": {
        "tvl": 105263.23021609994,
        "revenue": 25.201475114612087,
        "volume": 8530.633044560827,
        "rr": 0.00023941384909882367,
        "apr": 0.08738605492107064
    },
    "12/23/2022": {
        "tvl": 104917.53917942032,
        "revenue": 3.173478532291744,
        "volume": 1061.913515200207,
        "rr": 0.000030247359565541783,
        "apr": 0.01104028624142275
    },
    "12/24/2022": {
        "tvl": 104234.25063842269,
        "revenue": 2.1359317362505963,
        "volume": 709.1101739725642,
        "rr": 0.000020491649560180672,
        "apr": 0.007479452089465945
    },
    "12/25/2022": {
        "tvl": 103812.91707944553,
        "revenue": 14.312579884286265,
        "volume": 4798.343804243205,
        "rr": 0.00013786896936277392,
        "apr": 0.05032217381741248
    },
    "12/26/2022": {
        "tvl": 103804.2059165271,
        "revenue": 8.49115829572709,
        "volume": 2830.3439429492587,
        "rr": 0.00008179975195374215,
        "apr": 0.02985690946311588
    },
    "12/27/2022": {
        "tvl": 101542.12968599495,
        "revenue": 10.116388522482719,
        "volume": 3333.4289980153035,
        "rr": 0.00009962749997233914,
        "apr": 0.036364037489903786
    },
    "12/28/2022": {
        "tvl": 100438.63311922076,
        "revenue": 57.31479774785758,
        "volume": 19073.538362930347,
        "rr": 0.0005706449397795453,
        "apr": 0.20828540301953408
    },
    "12/29/2022": {
        "tvl": 99203.71652580252,
        "revenue": 20.023063074603982,
        "volume": 6645.142812544184,
        "rr": 0.00020183783204731103,
        "apr": 0.07367080869726852
    },
    "12/30/2022": {
        "tvl": 99295.27390665014,
        "revenue": 14.666733680355993,
        "volume": 4943.169167783885,
        "rr": 0.00014770827556349298,
        "apr": 0.05391352058067494
    },
    "12/31/2022": {
        "tvl": 99091.39119283184,
        "revenue": 9.993534758207396,
        "volume": 3332.421456835283,
        "rr": 0.0001008516949647016,
        "apr": 0.03681086866211608
    },
    "1/1/2023": {
        "tvl": 101202.14087999413,
        "revenue": 15.387964341638732,
        "volume": 5183.1180051368265,
        "rr": 0.0001520517669669245,
        "apr": 0.05549889494292745
    },
    "1/2/2023": {
        "tvl": 102451.3231395787,
        "revenue": 8.084213152360435,
        "volume": 2698.886313169376,
        "rr": 0.0000789078452539513,
        "apr": 0.028801363517692222
    },
    "1/3/2023": {
        "tvl": 103998.92619260505,
        "revenue": 2.94738389178794,
        "volume": 989.2912385577497,
        "rr": 0.00002834052234663858,
        "apr": 0.010344290656523083
    },
    "1/4/2023": {
        "tvl": 103560.51614211392,
        "revenue": 3.0533917522344374,
        "volume": 1013.6700268637776,
        "rr": 0.000029484130303525447,
        "apr": 0.010761707560786789
    },
    "1/5/2023": {
        "tvl": 103762.92141592473,
        "revenue": 3.9601322844246383,
        "volume": 1316.5971073331182,
        "rr": 0.00003816519649201846,
        "apr": 0.01393029671958674
    },
    "1/6/2023": {
        "tvl": 105388.31869845813,
        "revenue": 4.759673634515354,
        "volume": 1596.4797150047575,
        "rr": 0.00004516319923590346,
        "apr": 0.01648456772110476
    },
    "1/7/2023": {
        "tvl": 105881.77718457181,
        "revenue": 4.24812136848479,
        "volume": 1416.9072826838762,
        "rr": 0.00004012136442590604,
        "apr": 0.014644298015455706
    },
    "1/8/2023": {
        "tvl": 108994.46301839552,
        "revenue": 5.700161862453805,
        "volume": 1924.3042609315562,
        "rr": 0.000052297719577661126,
        "apr": 0.01908866764584631
    },
    "1/9/2023": {
        "tvl": 108611.89834131347,
        "revenue": 23.85603086980024,
        "volume": 7983.2388119795705,
        "rr": 0.0002196447280097484,
        "apr": 0.08017032572355816
    },
    "1/10/2023": {
        "tvl": 107922.95727465746,
        "revenue": 20.67776739678023,
        "volume": 6892.710440366728,
        "rr": 0.00019159748693835872,
        "apr": 0.06993308273250093
    },
    "1/11/2023": {
        "tvl": 111094.03282868065,
        "revenue": 23.159707713707277,
        "volume": 7882.981334290677,
        "rr": 0.00020846941211885,
        "apr": 0.07609133542338026
    },
    "1/12/2023": {
        "tvl": 112321.47899130781,
        "revenue": 33.082075799567804,
        "volume": 11223.831779507582,
        "rr": 0.0002945302723633822,
        "apr": 0.10750354941263451
    },
    "1/13/2023": {
        "tvl": 118307.99763273916,
        "revenue": 42.847281754521084,
        "volume": 14750.447949608782,
        "rr": 0.0003621672466094045,
        "apr": 0.13219104501243265
    },
    "1/14/2023": {
        "tvl": 120198.5999694769,
        "revenue": 86.737462423426,
        "volume": 29618.97587005776,
        "rr": 0.0007216179094053676,
        "apr": 0.26339053693295916
    },
    "1/15/2023": {
        "tvl": 116748.29948557068,
        "revenue": 35.15244610729174,
        "volume": 11762.992407324455,
        "rr": 0.0003010960010739715,
        "apr": 0.1099000403919996
    },
    "1/16/2023": {
        "tvl": 115820.65639153238,
        "revenue": 32.286964661021685,
        "volume": 10857.61131220546,
        "rr": 0.0002787668941529343,
        "apr": 0.10174991636582104
    },
    "1/17/2023": {
        "tvl": 116125.50345992856,
        "revenue": 7.6151403466625185,
        "volume": 2533.865051696789,
        "rr": 0.00006557681232607336,
        "apr": 0.02393553649901678
    },
    "1/18/2023": {
        "tvl": 113501.560688793,
        "revenue": 26.68483922462941,
        "volume": 8839.054884628364,
        "rr": 0.00023510548280297115,
        "apr": 0.08581350122308447
    },
    "1/19/2023": {
        "tvl": 114761.39053502286,
        "revenue": 30.463884829037784,
        "volume": 10147.252767499029,
        "rr": 0.000265454127795191,
        "apr": 0.09689075664524471
    },
    "1/20/2023": {
        "tvl": 121179.13283726411,
        "revenue": 46.435639413853,
        "volume": 15746.273741103045,
        "rr": 0.00038319831415375055,
        "apr": 0.13986738466611895
    },
    "1/21/2023": {
        "tvl": 120645.02509644638,
        "revenue": 35.62067275194447,
        "volume": 11769.87333476729,
        "rr": 0.0002952518988948653,
        "apr": 0.10776694309662582
    },
    "1/22/2023": {
        "tvl": 121142.30082660752,
        "revenue": 12.207032172337673,
        "volume": 4082.796303641613,
        "rr": 0.0001007660585034599,
        "apr": 0.03677961135376287
    },
    "1/23/2023": {
        "tvl": 121428.27712481149,
        "revenue": 25.64142217707388,
        "volume": 8548.476807802395,
        "rr": 0.00021116516501933107,
        "apr": 0.07707528523205584
    },
    "1/24/2023": {
        "tvl": 117699.99949187473,
        "revenue": 27.40982925303291,
        "volume": 8987.48952861537,
        "rr": 0.00023287875421720044,
        "apr": 0.08500074528927816
    },
    "1/25/2023": {
        "tvl": 120791.670883506,
        "revenue": 18.30559655628489,
        "volume": 6132.998690185421,
        "rr": 0.00015154684443382846,
        "apr": 0.05531459821834739
    },
    "1/26/2023": {
        "tvl": 119183.90473974006,
        "revenue": 11.618099101601533,
        "volume": 3871.3155744275846,
        "rr": 0.00009748043686747624,
        "apr": 0.03558035945662883
    },
    "1/27/2023": {
        "tvl": 122876.06685923913,
        "revenue": 10.087584002591937,
        "volume": 3393.7434710696702,
        "rr": 0.00008209559648542287,
        "apr": 0.029964892717179347
    },
    "1/28/2023": {
        "tvl": 121180.14122205356,
        "revenue": 26.656374625035863,
        "volume": 8920.96396468989,
        "rr": 0.0002199731272485485,
        "apr": 0.0802901914457202
    },
    "1/29/2023": {
        "tvl": 132248.89697210176,
        "revenue": 21.057480592190412,
        "volume": 7050.139877827785,
        "rr": 0.0001592261340117834,
        "apr": 0.058117538914300944
    },
    "1/30/2023": {
        "tvl": 127082.24730668215,
        "revenue": 29.47382845229953,
        "volume": 9720.343287078507,
        "rr": 0.0002319271894930501,
        "apr": 0.0846534241649633
    },
    "1/31/2023": {
        "tvl": 118434.60149112396,
        "revenue": 10.08287529086551,
        "volume": 3367.3266792498953,
        "rr": 0.00008513453977063593,
        "apr": 0.031074107016282118
    },
    "2/1/2023": {
        "tvl": 121076.53978199461,
        "revenue": 34.59674990586509,
        "volume": 11864.549382303763,
        "rr": 0.0002857428034213611,
        "apr": 0.1042961232487968
    },
    "2/2/2023": {
        "tvl": 120751.8332008562,
        "revenue": 16.84294345947983,
        "volume": 5632.240045565453,
        "rr": 0.00013948395658278424,
        "apr": 0.05091164415271624
    },
    "2/3/2023": {
        "tvl": 123079.81005580284,
        "revenue": 27.9846421433613,
        "volume": 9425.456335523502,
        "rr": 0.00022736988406687835,
        "apr": 0.0829900076844106
    },
    "2/4/2023": {
        "tvl": 124969.02371819165,
        "revenue": 6.335224716283341,
        "volume": 2130.7683127543064,
        "rr": 0.000050694360312595826,
        "apr": 0.018503441514097475
    },
    "2/5/2023": {
        "tvl": 124842.52258296518,
        "revenue": 24.231262980767756,
        "volume": 8097.392716016372,
        "rr": 0.00019409462801157885,
        "apr": 0.07084453922422627
    },
    "2/6/2023": {
        "tvl": 123457.14654137267,
        "revenue": 41.50048515165372,
        "volume": 13792.642684514269,
        "rr": 0.0003361529592598042,
        "apr": 0.12269583012982851
    },
    "2/7/2023": {
        "tvl": 128739.99709599189,
        "revenue": 15.849795922059355,
        "volume": 5354.405061679806,
        "rr": 0.00012311477613473408,
        "apr": 0.04493689328917793
    },
    "2/8/2023": {
        "tvl": 134926.38531361043,
        "revenue": 25.3999716157744,
        "volume": 8338.818358987603,
        "rr": 0.0001882505898067087,
        "apr": 0.06871146527944867
    },
    "2/9/2023": {
        "tvl": 129231.93759002879,
        "revenue": 22.92490402853941,
        "volume": 7458.2091654731,
        "rr": 0.0001773934869046507,
        "apr": 0.0647486227201975
    },
    "2/10/2023": {
        "tvl": 130228.89918756067,
        "revenue": 4.651519532894876,
        "volume": 1554.737051657594,
        "rr": 0.00003571802850145864,
        "apr": 0.013037080403032406
    },
    "2/11/2023": {
        "tvl": 129401.6952663728,
        "revenue": 11.759152900572554,
        "volume": 3922.2167512309425,
        "rr": 0.00009087325228905534,
        "apr": 0.0331687370855052
    },
    "2/12/2023": {
        "tvl": 127975.67603135976,
        "revenue": 15.62404155399313,
        "volume": 5196.107388579106,
        "rr": 0.00012208602477055516,
        "apr": 0.044561399041252635
    },
    "2/13/2023": {
        "tvl": 126916.76527184536,
        "revenue": 18.043803693719298,
        "volume": 6042.690823984539,
        "rr": 0.00014217037170046796,
        "apr": 0.051892185670670804
    },
    "2/14/2023": {
        "tvl": 128197.93247839036,
        "revenue": 5.074626305566476,
        "volume": 1698.9056071767077,
        "rr": 0.00003958430691869293,
        "apr": 0.014448272025322919
    },
    "2/15/2023": {
        "tvl": 134440.97874509072,
        "revenue": 15.323495418972936,
        "volume": 5196.942777211678,
        "rr": 0.00011397935035884654,
        "apr": 0.041602462880978984
    },
    "2/16/2023": {
        "tvl": 131718.21262563582,
        "revenue": 12.866135674794323,
        "volume": 4263.938112298479,
        "rr": 0.00009767924585616671,
        "apr": 0.03565292473750085
    },
    "2/17/2023": {
        "tvl": 134856.35191864616,
        "revenue": 6.5144895988713705,
        "volume": 2184.153794869208,
        "rr": 0.00004830687992213611,
        "apr": 0.017632011171579684
    },
    "2/18/2023": {
        "tvl": 134623.90483910384,
        "revenue": 7.865161167062768,
        "volume": 2629.533692131048,
        "rr": 0.000058423213740998214,
        "apr": 0.02132447301546435
    },
    "2/19/2023": {
        "tvl": 137385.20475946314,
        "revenue": 16.254472020926936,
        "volume": 5480.1990704926075,
        "rr": 0.00011831311857332529,
        "apr": 0.04318428827926373
    },
    "2/20/2023": {
        "tvl": 140250.72465431836,
        "revenue": 10.933260911312837,
        "volume": 3679.4287600271764,
        "rr": 0.00007795511173479131,
        "apr": 0.028453615783198827
    },
    "2/21/2023": {
        "tvl": 140626.99216377226,
        "revenue": 40.25743358174299,
        "volume": 13357.927191427452,
        "rr": 0.0002862710277900258,
        "apr": 0.10448892514335942
    },
    "2/22/2023": {
        "tvl": 149795.92851017503,
        "revenue": 92.09550900392598,
        "volume": 31619.2555246555,
        "rr": 0.00061480648986845,
        "apr": 0.22440436880198425
    },
    "2/23/2023": {
        "tvl": 143093.09389955158,
        "revenue": 16.125670202733062,
        "volume": 5145.052259617896,
        "rr": 0.00011269356027798904,
        "apr": 0.041133149501466
    },
    "2/24/2023": {
        "tvl": 138778.85440765627,
        "revenue": 24.173964953201196,
        "volume": 7936.6784263389945,
        "rr": 0.0001741905498239042,
        "apr": 0.06357955068572503
    },
    "2/25/2023": {
        "tvl": 137430.73469088323,
        "revenue": 30.45625404134708,
        "volume": 10292.78845272689,
        "rr": 0.0002216116657591256,
        "apr": 0.08088825800208084
    },
    "2/26/2023": {
        "tvl": 137361.08689701173,
        "revenue": 1.6274166695233467,
        "volume": 541.2387399732129,
        "rr": 0.000011847727084043269,
        "apr": 0.004324420385675793
    },
    "2/27/2023": {
        "tvl": 135623.0722843047,
        "revenue": 7.750520413924992,
        "volume": 2576.7600926810346,
        "rr": 0.0000571475065664173,
        "apr": 0.020858839896742316
    },
    "2/28/2023": {
        "tvl": 135055.978632195,
        "revenue": 11.788959409571206,
        "volume": 3953.858146449632,
        "rr": 0.00008728943012346527,
        "apr": 0.031860641995064824
    },
    "3/1/2023": {
        "tvl": 134745.61942518855,
        "revenue": 6.377986579838674,
        "volume": 2109.383564023559,
        "rr": 0.00004733353564328497,
        "apr": 0.017276740509799014
    },
    "3/2/2023": {
        "tvl": 129599.13067869845,
        "revenue": 22.408183065269352,
        "volume": 7271.927318651206,
        "rr": 0.0001729038068999368,
        "apr": 0.06310988951847693
    },
    "3/3/2023": {
        "tvl": 133538.8643661733,
        "revenue": 7.0370513366485685,
        "volume": 2354.749037581965,
        "rr": 0.00005269665404187099,
        "apr": 0.01923427872528291
    },
    "3/4/2023": {
        "tvl": 133154.74427797005,
        "revenue": 6.850135220236596,
        "volume": 2304.0474300140704,
        "rr": 0.00005144492039980527,
        "apr": 0.018777395945928924
    },
    "3/5/2023": {
        "tvl": 131350.12883639202,
        "revenue": 1.8670919718797991,
        "volume": 613.5838641849115,
        "rr": 0.000014214618504146457,
        "apr": 0.005188335754013457
    },
    "3/6/2023": {
        "tvl": 133404.95378608102,
        "revenue": 15.955875959416103,
        "volume": 5322.28475447914,
        "rr": 0.00011960482355851526,
        "apr": 0.04365576059885807
    },
    "3/7/2023": {
        "tvl": 130558.91415703001,
        "revenue": 15.327957237006093,
        "volume": 5053.751040026642,
        "rr": 0.00011740260966455618,
        "apr": 0.042851952527563006
    },
    "3/8/2023": {
        "tvl": 127790.9749866478,
        "revenue": 20.101430165297145,
        "volume": 6650.963770184629,
        "rr": 0.00015729929415905496,
        "apr": 0.057414242368055056
    },
    "3/9/2023": {
        "tvl": 124917.12628519659,
        "revenue": 21.70910734145277,
        "volume": 7213.77434808697,
        "rr": 0.00017378807844081366,
        "apr": 0.063432648630897
    },
    "3/10/2023": {
        "tvl": 125871.40221861178,
        "revenue": 60.950932240510134,
        "volume": 20548.421280047467,
        "rr": 0.0004842317727949941,
        "apr": 0.17674459707017284
    },
    "3/11/2023": {
        "tvl": 123430.44181934088,
        "revenue": 44.26409111080469,
        "volume": 14570.133128287234,
        "rr": 0.00035861567420776054,
        "apr": 0.1308947210858326
    },
    "3/12/2023": {
        "tvl": 123850.28156470612,
        "revenue": 0.08046139727476433,
        "volume": 26.83229484621019,
        "rr": 6.496666479738838e-7,
        "apr": 0.00023712832651046759
    }
}