{
    "9/28/2021": {
        "tvl": 38556.52418953473,
        "revenue": 4.2174194786262085,
        "volume": 1444.399654414696,
        "rr": 0.00010938277158735509,
        "apr": 0.03992471162938461
    },
    "9/29/2021": {
        "tvl": 44799.30762649481,
        "revenue": 16.05835348894509,
        "volume": 5446.822565901826,
        "rr": 0.0003584509301533937,
        "apr": 0.1308345895059887
    },
    "9/30/2021": {
        "tvl": 46730.99383458643,
        "revenue": 7.611134226176058,
        "volume": 2615.651301549241,
        "rr": 0.00016287122531819393,
        "apr": 0.05944799724114079
    },
    "10/1/2021": {
        "tvl": 47855.74288244602,
        "revenue": 13.715867903355997,
        "volume": 4609.738339206064,
        "rr": 0.00028660860906595847,
        "apr": 0.10461214230907485
    },
    "10/2/2021": {
        "tvl": 52790.74708567728,
        "revenue": 24.201385358836422,
        "volume": 8342.476009820492,
        "rr": 0.0004584399103039504,
        "apr": 0.1673305672609419
    },
    "10/3/2021": {
        "tvl": 54583.59578979005,
        "revenue": 57.13015581534776,
        "volume": 19482.151424240546,
        "rr": 0.0010466543104885378,
        "apr": 0.38202882332831634
    },
    "10/4/2021": {
        "tvl": 54222.868883320465,
        "revenue": 18.67487227862558,
        "volume": 6228.854241448612,
        "rr": 0.0003444095206177881,
        "apr": 0.12570947502549262
    },
    "10/5/2021": {
        "tvl": 53617.01745008107,
        "revenue": 90.7303996879056,
        "volume": 35446.18531729218,
        "rr": 0.0016921940832008817,
        "apr": 0.6176508403683219
    },
    "10/6/2021": {
        "tvl": 53343.75377753931,
        "revenue": 22.859595086605236,
        "volume": 7645.192174440717,
        "rr": 0.00042853367953701074,
        "apr": 0.15641479303100891
    },
    "10/7/2021": {
        "tvl": 51811.16655615378,
        "revenue": 39.82669669503656,
        "volume": 14521.410451564021,
        "rr": 0.0007686894417224082,
        "apr": 0.280571646228679
    },
    "10/8/2021": {
        "tvl": 50556.4994358878,
        "revenue": 4.021817113997738,
        "volume": 1301.4162989290126,
        "rr": 0.00007955094120189083,
        "apr": 0.029036093538690157
    },
    "10/9/2021": {
        "tvl": 52974.262877928544,
        "revenue": 7.995275966184234,
        "volume": 2765.0275871085464,
        "rr": 0.00015092755485070515,
        "apr": 0.055088557520507384
    },
    "10/10/2021": {
        "tvl": 50176.237277012835,
        "revenue": 5.1049987063554925,
        "volume": 1639.2694275580895,
        "rr": 0.00010174136171614124,
        "apr": 0.037135597026391555
    },
    "10/11/2021": {
        "tvl": 48537.29089233746,
        "revenue": 12.122304917512079,
        "volume": 4028.2121647259432,
        "rr": 0.0002497524005697198,
        "apr": 0.09115962620794772
    },
    "10/12/2021": {
        "tvl": 50393.3330782003,
        "revenue": 10.6756946288158,
        "volume": 3604.1902946808614,
        "rr": 0.00021184736108344475,
        "apr": 0.07732428679545733
    },
    "10/13/2021": {
        "tvl": 50520.60845435552,
        "revenue": 5.490077615453937,
        "volume": 1853.1845938176239,
        "rr": 0.00010867006125656871,
        "apr": 0.03966457235864758
    },
    "10/14/2021": {
        "tvl": 50307.90249468761,
        "revenue": 13.136379542143704,
        "volume": 4373.488276504306,
        "rr": 0.0002611196032975311,
        "apr": 0.09530865520359885
    },
    "10/15/2021": {
        "tvl": 49713.198733037265,
        "revenue": 3.0768484216546117,
        "volume": 1028.4474815918054,
        "rr": 0.00006189198241250708,
        "apr": 0.022590573580565085
    },
    "10/16/2021": {
        "tvl": 49551.230329477934,
        "revenue": 5.0699699935648,
        "volume": 1691.7576149122822,
        "rr": 0.00010231774185733354,
        "apr": 0.03734597577792674
    },
    "10/17/2021": {
        "tvl": 48159.60744554022,
        "revenue": 2.296441,
        "volume": 738.3204531314758,
        "rr": 0.00004768396425566505,
        "apr": 0.017404646953317744
    },
    "10/18/2021": {
        "tvl": 48928.51259012443,
        "revenue": 2.5377769277882885,
        "volume": 859.247264164099,
        "rr": 0.00005186703607868319,
        "apr": 0.01893146816871936
    },
    "10/19/2021": {
        "tvl": 48567.58415876435,
        "revenue": 2.1591586060995445,
        "volume": 719.27101926479,
        "rr": 0.00004445678415960308,
        "apr": 0.016226726218255123
    },
    "10/20/2021": {
        "tvl": 49604.360880125394,
        "revenue": 2.448578113269432,
        "volume": 817.9067316618582,
        "rr": 0.00004936215425064544,
        "apr": 0.018017186301485584
    },
    "10/21/2021": {
        "tvl": 48590.22844563175,
        "revenue": 2.9480584817270095,
        "volume": 962.9681011835615,
        "rr": 0.00006067183826940907,
        "apr": 0.022145220968334312
    },
    "10/22/2021": {
        "tvl": 48322.931986738586,
        "revenue": 2.4728934769920343,
        "volume": 810.53715433898,
        "rr": 0.0000511743260460826,
        "apr": 0.018678629006820147
    },
    "10/23/2021": {
        "tvl": 48394.983696489566,
        "revenue": 1.8297660165628176,
        "volume": 607.6998192098546,
        "rr": 0.00003780900161137038,
        "apr": 0.01380028558815019
    },
    "10/24/2021": {
        "tvl": 47397.7778471244,
        "revenue": 6.312485436328005,
        "volume": 2142.184264800871,
        "rr": 0.0001331810418768605,
        "apr": 0.04861108028505408
    },
    "10/25/2021": {
        "tvl": 48007.39753751828,
        "revenue": 3.9542160174863694,
        "volume": 1332.0930112185076,
        "rr": 0.00008236680637387412,
        "apr": 0.030063884326464053
    },
    "10/26/2021": {
        "tvl": 48265.2201555399,
        "revenue": 2.7206540273647795,
        "volume": 898.3291425941482,
        "rr": 0.00005636883077705182,
        "apr": 0.020574623233623916
    },
    "10/27/2021": {
        "tvl": 45266.251393792794,
        "revenue": 10.49608346181969,
        "volume": 3416.7600981768114,
        "rr": 0.00023187436862198363,
        "apr": 0.08463414454702402
    },
    "10/28/2021": {
        "tvl": 46304.545438724475,
        "revenue": 5.190298270289457,
        "volume": 1749.5068604071835,
        "rr": 0.0001120904701927775,
        "apr": 0.04091302162036378
    },
    "10/29/2021": {
        "tvl": 47877.85719755631,
        "revenue": 2.2674565806472824,
        "volume": 760.9144447850712,
        "rr": 0.000047359190936452635,
        "apr": 0.017286104691805214
    },
    "10/30/2021": {
        "tvl": 46592.104667016756,
        "revenue": 2.653191947457244,
        "volume": 866.9882151108116,
        "rr": 0.00005694509759580528,
        "apr": 0.02078496062246893
    },
    "10/31/2021": {
        "tvl": 45784.37002732705,
        "revenue": 2.3793659807733856,
        "volume": 782.495869850241,
        "rr": 0.000051968957514392517,
        "apr": 0.01896866949275327
    },
    "11/1/2021": {
        "tvl": 45892.864755015806,
        "revenue": 1.2274162621042444,
        "volume": 408.78303526335185,
        "rr": 0.000026745252636905728,
        "apr": 0.009762017212470591
    },
    "11/2/2021": {
        "tvl": 46113.520673263505,
        "revenue": 5.046687273029516,
        "volume": 1701.7551606858021,
        "rr": 0.00010944051114179126,
        "apr": 0.03994578656675381
    },
    "11/3/2021": {
        "tvl": 46843.293658806084,
        "revenue": 5.098618127950022,
        "volume": 1716.5834051205356,
        "rr": 0.00010884414245264181,
        "apr": 0.03972811199521426
    },
    "11/4/2021": {
        "tvl": 47834.34870545058,
        "revenue": 2.8533710820515483,
        "volume": 971.2021613594773,
        "rr": 0.0000596510908849568,
        "apr": 0.02177264817300923
    },
    "11/5/2021": {
        "tvl": 47287.70423337196,
        "revenue": 2.9105219565936142,
        "volume": 964.7444686298411,
        "rr": 0.00006154923364919026,
        "apr": 0.022465470281954444
    },
    "11/6/2021": {
        "tvl": 46569.881921000764,
        "revenue": 3.7987935491839964,
        "volume": 1261.8695818488306,
        "rr": 0.00008157189566484437,
        "apr": 0.029773741917668198
    },
    "11/7/2021": {
        "tvl": 46516.30950815526,
        "revenue": 1.5988754529842812,
        "volume": 531.2406392170105,
        "rr": 0.00003437236250876621,
        "apr": 0.012545912315699667
    },
    "11/8/2021": {
        "tvl": 46758.12292980855,
        "revenue": 2.2718305917633352,
        "volume": 750.5528143914352,
        "rr": 0.00004858686468602937,
        "apr": 0.01773420561040072
    },
    "11/9/2021": {
        "tvl": 46302.682440962475,
        "revenue": 1.739621517978014,
        "volume": 575.4287706712022,
        "rr": 0.00003757064226670002,
        "apr": 0.013713284427345509
    },
    "11/10/2021": {
        "tvl": 44977.69148989168,
        "revenue": 6.2641961023548465,
        "volume": 2076.5474627650888,
        "rr": 0.0001392734018766318,
        "apr": 0.05083479168497061
    },
    "11/11/2021": {
        "tvl": 45134.894248091085,
        "revenue": 4.233431993097093,
        "volume": 1418.6463368046311,
        "rr": 0.00009379510163084386,
        "apr": 0.03423521209525801
    },
    "11/12/2021": {
        "tvl": 44205.96812195814,
        "revenue": 2.744893340228216,
        "volume": 898.4794670785033,
        "rr": 0.00006209327511288602,
        "apr": 0.0226640454162034
    },
    "11/13/2021": {
        "tvl": 45336.63441756425,
        "revenue": 22.476429926553042,
        "volume": 7697.854903834503,
        "rr": 0.0004957675005060644,
        "apr": 0.1809551376847135
    },
    "11/14/2021": {
        "tvl": 44785.24829277324,
        "revenue": 10.549418105966181,
        "volume": 3508.447916629955,
        "rr": 0.0002355556462923191,
        "apr": 0.08597781089669647
    },
    "11/15/2021": {
        "tvl": 42926.86055678404,
        "revenue": 5.10320410933857,
        "volume": 1621.7308851000241,
        "rr": 0.00011888137271506275,
        "apr": 0.043391701040997904
    },
    "11/16/2021": {
        "tvl": 41732.86221834395,
        "revenue": 7.269300674667614,
        "volume": 2356.955742867756,
        "rr": 0.00017418648729711008,
        "apr": 0.06357806786344518
    },
    "11/17/2021": {
        "tvl": 42200.57164982039,
        "revenue": 3.0371815414260026,
        "volume": 1010.3499115232876,
        "rr": 0.00007197015165169994,
        "apr": 0.026269105352870477
    },
    "11/18/2021": {
        "tvl": 40148.75020892267,
        "revenue": 9.302948017206695,
        "volume": 2994.43296713315,
        "rr": 0.0002317120201450058,
        "apr": 0.08457488735292712
    },
    "11/19/2021": {
        "tvl": 243322.18758831228,
        "revenue": 25.737780474695228,
        "volume": 8918.50766439815,
        "rr": 0.00010577654561548712,
        "apr": 0.0386084391496528
    },
    "11/20/2021": {
        "tvl": 244781.491082893,
        "revenue": 12.196259660724733,
        "volume": 4059.207177437262,
        "rr": 0.00004982508933485736,
        "apr": 0.018186157607222937
    },
    "11/21/2021": {
        "tvl": 235418.60839585777,
        "revenue": 23.01837548713376,
        "volume": 7323.562427485693,
        "rr": 0.00009777636374618368,
        "apr": 0.03568837276735704
    },
    "11/22/2021": {
        "tvl": 235089.10421179963,
        "revenue": 20.856642198132135,
        "volume": 6953.26532642912,
        "rr": 0.000088718029991478,
        "apr": 0.03238208094688947
    },
    "11/23/2021": {
        "tvl": 248038.53302056293,
        "revenue": 32.88852987277274,
        "volume": 10845.355367544093,
        "rr": 0.00013259443793777885,
        "apr": 0.048396969847289285
    },
    "11/24/2021": {
        "tvl": 321196.5452562191,
        "revenue": 37.21246047909451,
        "volume": 12449.167241230562,
        "rr": 0.0001158557307937732,
        "apr": 0.042287341739727216
    },
    "11/25/2021": {
        "tvl": 327218.5306408932,
        "revenue": 14.044703309438935,
        "volume": 4701.895066159263,
        "rr": 0.00004292147905539106,
        "apr": 0.015666339855217738
    },
    "11/26/2021": {
        "tvl": 313982.6537135192,
        "revenue": 125.1866144965086,
        "volume": 41652.450814542215,
        "rr": 0.0003987055113265272,
        "apr": 0.14552751163418243
    },
    "11/27/2021": {
        "tvl": 306851.54271083715,
        "revenue": 51.887443381166264,
        "volume": 17086.191721507974,
        "rr": 0.00016909624414064822,
        "apr": 0.061720129111336605
    },
    "11/28/2021": {
        "tvl": 312714.3628057041,
        "revenue": 67.05649774590331,
        "volume": 22987.680975577085,
        "rr": 0.0002144336996365175,
        "apr": 0.07826830036732887
    },
    "11/29/2021": {
        "tvl": 531855.3773814377,
        "revenue": 212.71901270258348,
        "volume": 70769.04540324376,
        "rr": 0.00039995649522224345,
        "apr": 0.14598412075611886
    },
    "11/30/2021": {
        "tvl": 551788.704370895,
        "revenue": 165.2917881724624,
        "volume": 54398.5156310344,
        "rr": 0.0002995563099844799,
        "apr": 0.10933805314433516
    },
    "12/1/2021": {
        "tvl": 543570.5782068394,
        "revenue": 82.96255166801865,
        "volume": 27116.235607087303,
        "rr": 0.00015262516956252506,
        "apr": 0.05570818689032164
    },
    "12/2/2021": {
        "tvl": 540266.3919192685,
        "revenue": 47.51415943534982,
        "volume": 15560.233524630916,
        "rr": 0.00008794579886148056,
        "apr": 0.0321002165844404
    },
    "12/3/2021": {
        "tvl": 509788.4829348756,
        "revenue": 139.09888100081008,
        "volume": 43463.76676296991,
        "rr": 0.0002728560680696658,
        "apr": 0.09959246484542802
    },
    "12/4/2021": {
        "tvl": 488396.2131311189,
        "revenue": 150.57841156720912,
        "volume": 49026.11870096662,
        "rr": 0.00030831199652808035,
        "apr": 0.11253387873274932
    },
    "12/5/2021": {
        "tvl": 481432.70885541907,
        "revenue": 136.29018563616228,
        "volume": 45070.26347206043,
        "rr": 0.0002830929081660966,
        "apr": 0.10332891148062527
    },
    "12/6/2021": {
        "tvl": 493419.6869320541,
        "revenue": 197.86291017872102,
        "volume": 67774.49845624178,
        "rr": 0.0004010032745328371,
        "apr": 0.14636619520448554
    },
    "12/7/2021": {
        "tvl": 570789.8075800647,
        "revenue": 415.0912946490226,
        "volume": 142851.13012724277,
        "rr": 0.0007272226818640199,
        "apr": 0.26543627888036725
    },
    "12/8/2021": {
        "tvl": 563116.8547629417,
        "revenue": 320.7937220147245,
        "volume": 105211.80524345541,
        "rr": 0.0005696752269114209,
        "apr": 0.20793145782266864
    },
    "12/9/2021": {
        "tvl": 533030.5819698514,
        "revenue": 118.30776370003363,
        "volume": 37534.29127186531,
        "rr": 0.00022195305054133874,
        "apr": 0.08101286344758864
    },
    "12/10/2021": {
        "tvl": 519632.4271328649,
        "revenue": 139.34798793761314,
        "volume": 45955.03127179026,
        "rr": 0.00026816645894576406,
        "apr": 0.09788075751520388
    },
    "12/11/2021": {
        "tvl": 516449.07230937475,
        "revenue": 68.91170631087067,
        "volume": 22829.231050101775,
        "rr": 0.00013343369173406057,
        "apr": 0.048703297482932104
    },
    "12/12/2021": {
        "tvl": 509637.63784426317,
        "revenue": 37.6540316285712,
        "volume": 12316.637897215609,
        "rr": 0.0000738839301348415,
        "apr": 0.026967634499217148
    },
    "12/13/2021": {
        "tvl": 515896.22563478164,
        "revenue": 115.78453760646784,
        "volume": 39755.54783893154,
        "rr": 0.00022443377534697292,
        "apr": 0.08191832800164511
    },
    "12/14/2021": {
        "tvl": 516477.4401699945,
        "revenue": 104.62544863399577,
        "volume": 35122.10947457442,
        "rr": 0.0002025750603928782,
        "apr": 0.07393989704340055
    },
    "12/15/2021": {
        "tvl": 518951.90847357566,
        "revenue": 117.37115809752983,
        "volume": 39927.899811761985,
        "rr": 0.00022616962416182387,
        "apr": 0.08255191281906572
    },
    "12/16/2021": {
        "tvl": 508685.61494590784,
        "revenue": 72.38578874437331,
        "volume": 23725.38861733626,
        "rr": 0.00014229965742607173,
        "apr": 0.05193937496051618
    },
    "12/17/2021": {
        "tvl": 491578.58602685406,
        "revenue": 44.31518513195847,
        "volume": 14534.424587787862,
        "rr": 0.00009014872980967811,
        "apr": 0.03290428638053251
    },
    "12/18/2021": {
        "tvl": 511248.4252445085,
        "revenue": 44.94724875639767,
        "volume": 15247.145440398392,
        "rr": 0.00008791664978704102,
        "apr": 0.03208957717226997
    },
    "12/19/2021": {
        "tvl": 505052.7638066459,
        "revenue": 10.9091672174302,
        "volume": 3613.5609855939306,
        "rr": 0.00002160005448778548,
        "apr": 0.0078840198880417
    },
    "12/20/2021": {
        "tvl": 508670.72110440704,
        "revenue": 88.7874720748069,
        "volume": 30493.578350776523,
        "rr": 0.00017454802958195593,
        "apr": 0.06371003079741391
    },
    "12/21/2021": {
        "tvl": 514017.6509693399,
        "revenue": 26.167022289501237,
        "volume": 8849.956764440316,
        "rr": 0.00005090685551392095,
        "apr": 0.018581002262581147
    },
    "12/22/2021": {
        "tvl": 531239.7614225302,
        "revenue": 67.16819729863802,
        "volume": 22611.12246968805,
        "rr": 0.00012643669050444947,
        "apr": 0.046149392034124055
    },
    "12/23/2021": {
        "tvl": 541939.3473535097,
        "revenue": 61.6208230411708,
        "volume": 20915.715671110433,
        "rr": 0.0001137042795325493,
        "apr": 0.04150206202938049
    },
    "12/24/2021": {
        "tvl": 529618.2337956581,
        "revenue": 42.09683349965757,
        "volume": 13968.547095231632,
        "rr": 0.0000794852420354918,
        "apr": 0.02901211334295451
    },
    "12/25/2021": {
        "tvl": 527936.2958531347,
        "revenue": 32.68942669759052,
        "volume": 10875.031086808574,
        "rr": 0.00006191926365806133,
        "apr": 0.022600531235192386
    },
    "12/26/2021": {
        "tvl": 548108.3208291944,
        "revenue": 74.1549493058664,
        "volume": 24801.768553477566,
        "rr": 0.0001352925078635599,
        "apr": 0.049381765370199365
    },
    "12/27/2021": {
        "tvl": 539480.6496096024,
        "revenue": 111.53959862219962,
        "volume": 36630.21480133574,
        "rr": 0.00020675365965937007,
        "apr": 0.07546508577567008
    },
    "12/28/2021": {
        "tvl": 528782.5087208755,
        "revenue": 35.43772213301977,
        "volume": 11571.713681206971,
        "rr": 0.00006701757631647763,
        "apr": 0.024461415355514333
    },
    "12/29/2021": {
        "tvl": 516259.8380819697,
        "revenue": 98.17109214759229,
        "volume": 32556.666718859844,
        "rr": 0.00019015829802357213,
        "apr": 0.06940777877860384
    },
    "12/30/2021": {
        "tvl": 525097.9053952183,
        "revenue": 35.953349708608826,
        "volume": 11872.042465569084,
        "rr": 0.00006846980218202987,
        "apr": 0.024991477796440897
    },
    "12/31/2021": {
        "tvl": 541113.318372002,
        "revenue": 110.50685768855755,
        "volume": 37425.85881298425,
        "rr": 0.00020422128588708441,
        "apr": 0.07454076934878581
    },
    "1/1/2022": {
        "tvl": 550010.1922966184,
        "revenue": 27.84991747540232,
        "volume": 9363.086056783342,
        "rr": 0.00005063527524665028,
        "apr": 0.018481875465027355
    },
    "1/2/2022": {
        "tvl": 548541.0420147923,
        "revenue": 60.38497588229595,
        "volume": 19833.743182263126,
        "rr": 0.00011008287668047921,
        "apr": 0.04018024998837491
    },
    "1/3/2022": {
        "tvl": 554221.2026119702,
        "revenue": 95.00808316182535,
        "volume": 31405.06135866962,
        "rr": 0.00017142628739944446,
        "apr": 0.06257059490079724
    },
    "1/4/2022": {
        "tvl": 586717.9140205286,
        "revenue": 194.1274949885608,
        "volume": 65558.14174300131,
        "rr": 0.00033087023653034146,
        "apr": 0.12076763633357462
    },
    "1/5/2022": {
        "tvl": 533539.6195108133,
        "revenue": 273.81266707596205,
        "volume": 86398.58075510275,
        "rr": 0.0005132002517957575,
        "apr": 0.1873180919054515
    },
    "1/6/2022": {
        "tvl": 519644.5240843042,
        "revenue": 140.81710964641874,
        "volume": 45796.25345425461,
        "rr": 0.00027098738295099084,
        "apr": 0.09891039477711167
    },
    "1/7/2022": {
        "tvl": 531298.2040195283,
        "revenue": 79.88793438688582,
        "volume": 26736.7925360294,
        "rr": 0.00015036364471495458,
        "apr": 0.054882730320958424
    },
    "1/8/2022": {
        "tvl": 522944.00392089563,
        "revenue": 124.70981296810757,
        "volume": 42235.009788647665,
        "rr": 0.0002384764181883078,
        "apr": 0.08704389263873234
    },
    "1/9/2022": {
        "tvl": 529349.786765327,
        "revenue": 44.35628439461501,
        "volume": 14883.1400376532,
        "rr": 0.00008379390245089335,
        "apr": 0.030584774394576075
    },
    "1/10/2022": {
        "tvl": 520207.62992285436,
        "revenue": 98.86564455609107,
        "volume": 33481.80947335446,
        "rr": 0.00019005035464541846,
        "apr": 0.06936837944557774
    },
    "1/11/2022": {
        "tvl": 526773.0017033984,
        "revenue": 42.8136449801233,
        "volume": 14405.689348409242,
        "rr": 0.00008127532132755294,
        "apr": 0.029665492284556824
    },
    "1/12/2022": {
        "tvl": 533969.3832383667,
        "revenue": 35.16331571107323,
        "volume": 11748.031209834862,
        "rr": 0.000065852681473642,
        "apr": 0.024036228737879327
    },
    "1/13/2022": {
        "tvl": 525912.9578295585,
        "revenue": 39.083937354791594,
        "volume": 12809.850186820908,
        "rr": 0.00007431636123987305,
        "apr": 0.02712547185255366
    },
    "1/14/2022": {
        "tvl": 537843.3894874802,
        "revenue": 30.463056628979977,
        "volume": 10228.871091007655,
        "rr": 0.000056639269394030715,
        "apr": 0.020673333328821212
    },
    "1/15/2022": {
        "tvl": 534968.0002134616,
        "revenue": 3.2644113986958843,
        "volume": 1082.6828409689822,
        "rr": 0.000006102068530067831,
        "apr": 0.002227255013474758
    },
    "1/16/2022": {
        "tvl": 531274.0191510102,
        "revenue": 24.920193978920864,
        "volume": 8283.369558433025,
        "rr": 0.00004690647967078079,
        "apr": 0.01712086507983499
    },
    "1/17/2022": {
        "tvl": 508565.166448029,
        "revenue": 63.406693839282404,
        "volume": 20795.295850257924,
        "rr": 0.00012467761856781048,
        "apr": 0.045507330777250825
    },
    "1/18/2022": {
        "tvl": 497786.63019489724,
        "revenue": 89.47576157162378,
        "volume": 30025.074225003744,
        "rr": 0.0001797472172697598,
        "apr": 0.06560773430346234
    },
    "1/19/2022": {
        "tvl": 488681.0743051934,
        "revenue": 65.52431580874753,
        "volume": 21804.89484480955,
        "rr": 0.00013408400540559093,
        "apr": 0.04894066197304069
    },
    "1/20/2022": {
        "tvl": 468883.27430563036,
        "revenue": 125.99803473723644,
        "volume": 40912.08364813608,
        "rr": 0.00026871940553611565,
        "apr": 0.09808258302068222
    },
    "1/21/2022": {
        "tvl": 455344.0877679837,
        "revenue": 164.95491962852813,
        "volume": 54015.51188738324,
        "rr": 0.00036226432726316486,
        "apr": 0.13222647945105517
    },
    "1/22/2022": {
        "tvl": 431019.2707077189,
        "revenue": 234.8419005376938,
        "volume": 78907.2834442106,
        "rr": 0.0005448524381568634,
        "apr": 0.19887113992725514
    },
    "1/23/2022": {
        "tvl": 416120.00890707184,
        "revenue": 94.26898631798967,
        "volume": 31236.739123376457,
        "rr": 0.00022654278645620687,
        "apr": 0.08268811705651549
    },
    "1/24/2022": {
        "tvl": 412623.15040447057,
        "revenue": 239.81802746356914,
        "volume": 82668.82855101662,
        "rr": 0.0005812035200363562,
        "apr": 0.21213928481327002
    },
    "1/25/2022": {
        "tvl": 418843.3365332063,
        "revenue": 50.701718552394624,
        "volume": 17059.891013388245,
        "rr": 0.00012105174925798288,
        "apr": 0.04418388847916375
    },
    "1/26/2022": {
        "tvl": 405405.2490658636,
        "revenue": 124.26132446861193,
        "volume": 40158.27574022215,
        "rr": 0.00030651138522487157,
        "apr": 0.11187665560707812
    },
    "1/27/2022": {
        "tvl": 416178.50343944476,
        "revenue": 94.30084808039031,
        "volume": 31741.14680360147,
        "rr": 0.0002265875034415644,
        "apr": 0.082704438756171
    },
    "1/28/2022": {
        "tvl": 427442.97229526984,
        "revenue": 39.69993320666281,
        "volume": 13483.802014917275,
        "rr": 0.00009287773055077584,
        "apr": 0.033900371651033184
    },
    "1/29/2022": {
        "tvl": 451770.4502133584,
        "revenue": 79.71833351239242,
        "volume": 27085.48645180839,
        "rr": 0.00017645760911264493,
        "apr": 0.0644070273261154
    },
    "1/30/2022": {
        "tvl": 432487.18708675355,
        "revenue": 74.94141612275038,
        "volume": 24430.247218113676,
        "rr": 0.00017328008403568663,
        "apr": 0.06324723067302562
    },
    "1/31/2022": {
        "tvl": 454397.2342046161,
        "revenue": 68.40018584996659,
        "volume": 23253.133647163057,
        "rr": 0.00015052949424240077,
        "apr": 0.05494326539847628
    },
    "2/1/2022": {
        "tvl": 469132.4241600409,
        "revenue": 62.95117533383925,
        "volume": 21312.67922634032,
        "rr": 0.0001341863663475197,
        "apr": 0.04897802371684469
    },
    "2/2/2022": {
        "tvl": 469326.32999516756,
        "revenue": 112.21873883411315,
        "volume": 37603.77416763772,
        "rr": 0.00023910599440536101,
        "apr": 0.08727368795795677
    },
    "2/3/2022": {
        "tvl": 466964.68273513264,
        "revenue": 56.461919388556005,
        "volume": 18632.26400438562,
        "rr": 0.00012091261175865373,
        "apr": 0.04413310329190861
    },
    "2/4/2022": {
        "tvl": 473695.6297575724,
        "revenue": 42.31050458105767,
        "volume": 14221.283483864816,
        "rr": 0.00008932002307623423,
        "apr": 0.03260180842282549
    },
    "2/5/2022": {
        "tvl": 470970.35193512816,
        "revenue": 53.725066289306625,
        "volume": 18008.205990519837,
        "rr": 0.00011407313872000749,
        "apr": 0.041636695632802735
    },
    "2/6/2022": {
        "tvl": 468355.9943281631,
        "revenue": 26.12399746109172,
        "volume": 8779.295466152678,
        "rr": 0.00005577807859289917,
        "apr": 0.020358998686408197
    },
    "2/7/2022": {
        "tvl": 487875.6296584842,
        "revenue": 76.04901759061504,
        "volume": 25804.627995118768,
        "rr": 0.0001558778774087359,
        "apr": 0.0568954252541886
    },
    "2/8/2022": {
        "tvl": 498197.3197510823,
        "revenue": 96.24031481433092,
        "volume": 32507.058811594856,
        "rr": 0.0001931771027239089,
        "apr": 0.07050964249422675
    },
    "2/9/2022": {
        "tvl": 501259.1591912213,
        "revenue": 59.21730280723877,
        "volume": 19898.30302138748,
        "rr": 0.00011813709878695392,
        "apr": 0.04312004105723818
    },
    "2/10/2022": {
        "tvl": 480497.1665674997,
        "revenue": 118.37351373204052,
        "volume": 38736.02328986515,
        "rr": 0.0002463563200125792,
        "apr": 0.0899200568045914
    },
    "2/11/2022": {
        "tvl": 514911.5442200907,
        "revenue": 169.51156882034564,
        "volume": 57614.32480465178,
        "rr": 0.0003292052212134724,
        "apr": 0.12015990574291743
    },
    "2/12/2022": {
        "tvl": 496043.49538908363,
        "revenue": 82.20079092408743,
        "volume": 27004.985715341307,
        "rr": 0.00016571286931121084,
        "apr": 0.060485197298591954
    },
    "2/13/2022": {
        "tvl": 481404.71649141744,
        "revenue": 59.66010967178704,
        "volume": 19494.95240286476,
        "rr": 0.00012392921720128322,
        "apr": 0.045234164278468374
    },
    "2/14/2022": {
        "tvl": 496671.2411469619,
        "revenue": 48.77219715863085,
        "volume": 16508.406738232417,
        "rr": 0.0000981981502411964,
        "apr": 0.035842324838036684
    },
    "2/15/2022": {
        "tvl": 499639.63326199754,
        "revenue": 25.541155749349848,
        "volume": 8536.488773724263,
        "rr": 0.00005111915478481819,
        "apr": 0.01865849149645864
    },
    "2/16/2022": {
        "tvl": 494245.7846123386,
        "revenue": 37.90532204676546,
        "volume": 12650.411935094262,
        "rr": 0.00007669326320404832,
        "apr": 0.02799304106947764
    },
    "2/17/2022": {
        "tvl": 473931.97720194265,
        "revenue": 49.298908762958554,
        "volume": 16264.820045288716,
        "rr": 0.00010402106448696595,
        "apr": 0.03796768853774258
    },
    "2/18/2022": {
        "tvl": 471211.1594045741,
        "revenue": 91.12788098805953,
        "volume": 30593.553428552532,
        "rr": 0.00019339075310357548,
        "apr": 0.07058762488280505
    },
    "2/19/2022": {
        "tvl": 388457.8966744956,
        "revenue": 37.358272858465654,
        "volume": 12368.879958475143,
        "rr": 0.00009617071290938293,
        "apr": 0.03510231021192477
    },
    "2/20/2022": {
        "tvl": 378436.9214283334,
        "revenue": 83.15145427690288,
        "volume": 27622.595771436758,
        "rr": 0.0002197234190656255,
        "apr": 0.0801990479589533
    },
    "2/21/2022": {
        "tvl": 345664.1469357573,
        "revenue": 109.76727116749869,
        "volume": 34701.99501693458,
        "rr": 0.0003175546904142745,
        "apr": 0.11590746200121019
    },
    "2/22/2022": {
        "tvl": 355068.51333846094,
        "revenue": 38.46785612608068,
        "volume": 12939.686538135596,
        "rr": 0.00010833924913362307,
        "apr": 0.03954382593377242
    },
    "2/23/2022": {
        "tvl": 335955.40810404014,
        "revenue": 106.0767188540956,
        "volume": 33677.65252705895,
        "rr": 0.0003157464243625014,
        "apr": 0.11524744489231302
    },
    "2/24/2022": {
        "tvl": 354107.88647832314,
        "revenue": 251.15039313727013,
        "volume": 91177.64230503247,
        "rr": 0.0007092482340199006,
        "apr": 0.25887560541726373
    },
    "2/25/2022": {
        "tvl": 372171.573126436,
        "revenue": 85.32903525063315,
        "volume": 29209.8008474665,
        "rr": 0.00022927338198837864,
        "apr": 0.0836847844257582
    },
    "2/26/2022": {
        "tvl": 371841.48487495474,
        "revenue": 54.776487739547846,
        "volume": 18278.45456040463,
        "rr": 0.00014731139468735836,
        "apr": 0.05376865906088579
    },
    "2/27/2022": {
        "tvl": 357515.69428551325,
        "revenue": 66.55943717147646,
        "volume": 21804.51797615554,
        "rr": 0.00018617207086389295,
        "apr": 0.06795280586532093
    },
    "2/28/2022": {
        "tvl": 379951.3520669271,
        "revenue": 70.87677568220464,
        "volume": 23872.508393347616,
        "rr": 0.0001865417119761162,
        "apr": 0.06808772487128241
    },
    "3/1/2022": {
        "tvl": 379496.21149328677,
        "revenue": 61.56849798417398,
        "volume": 20535.10962128476,
        "rr": 0.00016223745091395496,
        "apr": 0.05921666958359356
    },
    "3/2/2022": {
        "tvl": 375486.9676004303,
        "revenue": 74.49725864298213,
        "volume": 24688.838648457753,
        "rr": 0.00019840171582801095,
        "apr": 0.072416626277224
    },
    "3/3/2022": {
        "tvl": 347568.91637310345,
        "revenue": 87.99162533804126,
        "volume": 28850.9356555024,
        "rr": 0.0002531631028926224,
        "apr": 0.09240453255580718
    },
    "3/4/2022": {
        "tvl": 336016.2197568988,
        "revenue": 100.83867938719544,
        "volume": 32555.49875789006,
        "rr": 0.0003001006304402515,
        "apr": 0.10953673011069182
    },
    "3/5/2022": {
        "tvl": 337935.2833511393,
        "revenue": 15.371765765508622,
        "volume": 5125.072604794029,
        "rr": 0.00004548730636550976,
        "apr": 0.016602866823411062
    },
    "3/6/2022": {
        "tvl": 57602.11577347145,
        "revenue": 16.027438744302955,
        "volume": 5201.457803843018,
        "rr": 0.0002782439243609236,
        "apr": 0.10155903239173712
    },
    "3/7/2022": {
        "tvl": 58580.900788204846,
        "revenue": 7.614791689892049,
        "volume": 2561.3533824790206,
        "rr": 0.00012998761690986618,
        "apr": 0.04744548017210115
    },
    "3/8/2022": {
        "tvl": 59400.46381482303,
        "revenue": 19.18969165288723,
        "volume": 6605.391704340906,
        "rr": 0.0003230562595051414,
        "apr": 0.11791553471937662
    },
    "3/9/2022": {
        "tvl": 58822.421341568566,
        "revenue": 24.368743561367502,
        "volume": 8327.840123796354,
        "rr": 0.0004142764443487236,
        "apr": 0.1512109021872841
    },
    "3/10/2022": {
        "tvl": 58236.4797502362,
        "revenue": 17.25840891302412,
        "volume": 5804.450528812621,
        "rr": 0.0002963504831858269,
        "apr": 0.10816792636282681
    },
    "3/11/2022": {
        "tvl": 58513.540048058734,
        "revenue": 2.599987081535697,
        "volume": 868.2961949319948,
        "rr": 0.000044433939211339086,
        "apr": 0.016218387812138767
    },
    "3/12/2022": {
        "tvl": 58805.52457181805,
        "revenue": 3.0295873267886675,
        "volume": 1014.1497884066745,
        "rr": 0.00005151875353290474,
        "apr": 0.018804345039510225
    },
    "3/13/2022": {
        "tvl": 55341.99737288459,
        "revenue": 4.0633418279073075,
        "volume": 1321.7140237935346,
        "rr": 0.00007342239204937308,
        "apr": 0.026799173098021177
    },
    "3/14/2022": {
        "tvl": 105664.4780589943,
        "revenue": 5.663063598247684,
        "volume": 1880.6642614471984,
        "rr": 0.000053594771888106975,
        "apr": 0.019562091739159043
    },
    "3/15/2022": {
        "tvl": 106306.1512629108,
        "revenue": 23.626329512544594,
        "volume": 7927.794822398701,
        "rr": 0.0002222480000626981,
        "apr": 0.0811205200228848
    },
    "3/16/2022": {
        "tvl": 431826.7902891526,
        "revenue": 22.353455566815086,
        "volume": 7612.00504557883,
        "rr": 0.00005176486514847108,
        "apr": 0.018894175779191943
    },
    "3/17/2022": {
        "tvl": 426758.3886842103,
        "revenue": 83.44248655629414,
        "volume": 27632.69418030958,
        "rr": 0.0001955262948985388,
        "apr": 0.07136709763796666
    },
    "3/18/2022": {
        "tvl": 442465.6767120455,
        "revenue": 62.405334805323314,
        "volume": 21393.61752533032,
        "rr": 0.00014103994522028518,
        "apr": 0.0514795800054041
    },
    "3/19/2022": {
        "tvl": 449805.7952269062,
        "revenue": 25.265292033772056,
        "volume": 8517.930162637846,
        "rr": 0.00005616933419238604,
        "apr": 0.020501806980220905
    },
    "3/20/2022": {
        "tvl": 440678.44139546104,
        "revenue": 47.86229216558372,
        "volume": 15796.34856329255,
        "rr": 0.00010861046892609959,
        "apr": 0.039642821158026344
    },
    "3/21/2022": {
        "tvl": 445637.87328047695,
        "revenue": 27.38310845320675,
        "volume": 9219.62925240191,
        "rr": 0.00006144699563264517,
        "apr": 0.022428153405915488
    },
    "3/22/2022": {
        "tvl": 461651.41900260415,
        "revenue": 191.09037547437936,
        "volume": 66309.75073368906,
        "rr": 0.00041392784167593215,
        "apr": 0.15108366221171526
    },
    "3/23/2022": {
        "tvl": 467858.50224031834,
        "revenue": 181.25756821712912,
        "volume": 61802.3394720537,
        "rr": 0.00038741963082681154,
        "apr": 0.1414081652517862
    },
    "3/24/2022": {
        "tvl": 467432.95390701294,
        "revenue": 146.69717197925058,
        "volume": 48939.876922056195,
        "rr": 0.00031383575067416675,
        "apr": 0.11455004899607085
    },
    "3/25/2022": {
        "tvl": 470317.8609319143,
        "revenue": 11.457574223116017,
        "volume": 3831.228840073314,
        "rr": 0.000024361341923977402,
        "apr": 0.008891889802251751
    },
    "3/26/2022": {
        "tvl": 478667.64760676585,
        "revenue": 36.75710390426944,
        "volume": 12311.036495350452,
        "rr": 0.00007679044967431363,
        "apr": 0.028028514131124473
    },
    "3/27/2022": {
        "tvl": 490545.34461061936,
        "revenue": 32.5017451342278,
        "volume": 10951.320595995474,
        "rr": 0.000066256352223721,
        "apr": 0.024183568561658167
    },
    "3/28/2022": {
        "tvl": 483454.50228100986,
        "revenue": 50.94134225990663,
        "volume": 16799.040164450176,
        "rr": 0.00010536946500561653,
        "apr": 0.03845985472705003
    },
    "3/29/2022": {
        "tvl": 480312.1886933892,
        "revenue": 39.13191015649423,
        "volume": 12808.237640693787,
        "rr": 0.0000814718241128675,
        "apr": 0.029737215801196638
    },
    "3/30/2022": {
        "tvl": 490609.95883071376,
        "revenue": 30.91142930761117,
        "volume": 10374.26766839201,
        "rr": 0.00006300611871247652,
        "apr": 0.022997233330053928
    },
    "3/31/2022": {
        "tvl": 471774.61549525824,
        "revenue": 100.43053462996019,
        "volume": 32616.001880474843,
        "rr": 0.00021287820779532723,
        "apr": 0.07770054584529444
    },
    "4/1/2022": {
        "tvl": 501079.6642285801,
        "revenue": 67.49819756831945,
        "volume": 22876.153622577876,
        "rr": 0.0001347055216703595,
        "apr": 0.049167515409681214
    },
    "4/2/2022": {
        "tvl": 494076.25984636217,
        "revenue": 74.85551958288653,
        "volume": 24940.93538500619,
        "rr": 0.00015150600355937682,
        "apr": 0.05529969129917253
    },
    "4/3/2022": {
        "tvl": 499632.0292863013,
        "revenue": 24.934425477553294,
        "volume": 8326.95163174936,
        "rr": 0.0000499055785378108,
        "apr": 0.018215536166300943
    },
    "4/4/2022": {
        "tvl": 492409.6967378749,
        "revenue": 29.086880779198513,
        "volume": 9715.625171087791,
        "rr": 0.00005907048738457799,
        "apr": 0.021560727895370967
    },
    "4/5/2022": {
        "tvl": 472233.39946321014,
        "revenue": 65.76124878039542,
        "volume": 21413.64461040039,
        "rr": 0.00013925581895551337,
        "apr": 0.05082837391876238
    },
    "4/6/2022": {
        "tvl": 453755.26920682983,
        "revenue": 93.34133030046998,
        "volume": 30702.79861394028,
        "rr": 0.00020570853196621132,
        "apr": 0.07508361416766712
    },
    "4/7/2022": {
        "tvl": 346507.48084239784,
        "revenue": 77.53686912255415,
        "volume": 25899.860128064898,
        "rr": 0.00022376679699397394,
        "apr": 0.08167488090280049
    },
    "4/8/2022": {
        "tvl": 331537.5845375814,
        "revenue": 40.591573255935955,
        "volume": 13028.855196845041,
        "rr": 0.00012243430352716072,
        "apr": 0.04468852078741367
    },
    "4/9/2022": {
        "tvl": 337316.42659667134,
        "revenue": 59.67913112897992,
        "volume": 20218.40494413714,
        "rr": 0.0001769232875229588,
        "apr": 0.06457699994587997
    },
    "4/10/2022": {
        "tvl": 328306.93726813205,
        "revenue": 28.548223944350863,
        "volume": 9323.248557698367,
        "rr": 0.00008695589615590487,
        "apr": 0.031738902096905275
    },
    "4/11/2022": {
        "tvl": 326067.690253079,
        "revenue": 100.59363396893558,
        "volume": 33484.144159285876,
        "rr": 0.00030850537166334803,
        "apr": 0.11260446065712201
    },
    "4/12/2022": {
        "tvl": 330737.37867033255,
        "revenue": 24.960065949706067,
        "volume": 8332.559672811838,
        "rr": 0.0000754679318378023,
        "apr": 0.027545795120797842
    },
    "4/13/2022": {
        "tvl": 337989.64702882775,
        "revenue": 16.74807202722961,
        "volume": 5635.634741079962,
        "rr": 0.00004955202673944962,
        "apr": 0.01808648975989911
    },
    "4/14/2022": {
        "tvl": 154119.515538487,
        "revenue": 44.32412905858776,
        "volume": 14970.327168841714,
        "rr": 0.0002875958239533854,
        "apr": 0.10497247574298568
    },
    "4/15/2022": {
        "tvl": 153410.4285877582,
        "revenue": 19.59131025384897,
        "volume": 6594.331474990657,
        "rr": 0.00012770520514282895,
        "apr": 0.04661239987713257
    },
    "4/16/2022": {
        "tvl": 157995.6103265733,
        "revenue": 12.254181308367244,
        "volume": 4134.479998400008,
        "rr": 0.00007756026438353656,
        "apr": 0.02830949649999084
    },
    "4/17/2022": {
        "tvl": 153012.9779247002,
        "revenue": 14.47896537521912,
        "volume": 4726.591681700215,
        "rr": 0.00009462573418017143,
        "apr": 0.034538392975762576
    },
    "4/18/2022": {
        "tvl": 154833.3105348714,
        "revenue": 25.226879608032988,
        "volume": 8550.988785914647,
        "rr": 0.00016292927872488665,
        "apr": 0.059469186734583616
    },
    "4/19/2022": {
        "tvl": 157038.28693624726,
        "revenue": 4.563746890579611,
        "volume": 1517.8171581672334,
        "rr": 0.000029061364458416136,
        "apr": 0.01060739802732189
    },
    "4/20/2022": {
        "tvl": 156026.56423190545,
        "revenue": 5.705798795338403,
        "volume": 1896.7953103672926,
        "rr": 0.00003656940613559726,
        "apr": 0.013347833239493
    },
    "4/21/2022": {
        "tvl": 154774.50386196878,
        "revenue": 24.971817688437582,
        "volume": 8334.304455485706,
        "rr": 0.00016134322556580756,
        "apr": 0.05889027733151976
    },
    "4/22/2022": {
        "tvl": 152562.74047306334,
        "revenue": 13.358073198815655,
        "volume": 4455.509700590653,
        "rr": 0.00008755790016222323,
        "apr": 0.03195863355921148
    },
    "4/23/2022": {
        "tvl": 151236.37518509015,
        "revenue": 15.71523921196445,
        "volume": 5378.242396578208,
        "rr": 0.00010391176853274489,
        "apr": 0.037927795514451884
    },
    "4/24/2022": {
        "tvl": 148065.1903283167,
        "revenue": 26.109244487590423,
        "volume": 8695.91375981765,
        "rr": 0.00017633614240927475,
        "apr": 0.06436269197938528
    },
    "4/25/2022": {
        "tvl": 147542.1028997131,
        "revenue": 34.10253599301117,
        "volume": 11523.579398681519,
        "rr": 0.0002311376571350027,
        "apr": 0.08436524485427599
    },
    "4/26/2022": {
        "tvl": 141978.92464788706,
        "revenue": 44.47954507878704,
        "volume": 14675.218454575077,
        "rr": 0.00031328272973681087,
        "apr": 0.11434819635393596
    },
    "4/27/2022": {
        "tvl": 143417.6258701171,
        "revenue": 8.319596770189316,
        "volume": 2774.742162065113,
        "rr": 0.00005800958368759896,
        "apr": 0.02117349804597362
    },
    "4/28/2022": {
        "tvl": 143438.18388707814,
        "revenue": 46.587253979916454,
        "volume": 15716.498418301551,
        "rr": 0.00032478976460404937,
        "apr": 0.11854826408047803
    },
    "4/29/2022": {
        "tvl": 140713.48262674554,
        "revenue": 25.251991190655893,
        "volume": 8443.86340377263,
        "rr": 0.00017945679915860616,
        "apr": 0.06550173169289125
    },
    "4/30/2022": {
        "tvl": 136377.0755718896,
        "revenue": 43.874308200867276,
        "volume": 14534.039493376229,
        "rr": 0.00032171322061924873,
        "apr": 0.11742532552602578
    },
    "5/1/2022": {
        "tvl": 123492.06675444332,
        "revenue": 25.635580282368668,
        "volume": 8651.098013171484,
        "rr": 0.00020758888369196626,
        "apr": 0.07576994254756768
    },
    "5/2/2022": {
        "tvl": 120204.7713334336,
        "revenue": 8.344579543140302,
        "volume": 2798.3698980281824,
        "rr": 0.00006941970314966484,
        "apr": 0.025338191649627667
    },
    "5/3/2022": {
        "tvl": 117817.35657234096,
        "revenue": 8.407487263866212,
        "volume": 2816.1240706259796,
        "rr": 0.00007136034544030816,
        "apr": 0.02604652608571248
    },
    "5/4/2022": {
        "tvl": 124376.2074430214,
        "revenue": 21.20927585874069,
        "volume": 7234.0234270612145,
        "rr": 0.00017052518560237476,
        "apr": 0.06224169274486679
    },
    "5/5/2022": {
        "tvl": 116585.52769176844,
        "revenue": 24.78287478131234,
        "volume": 7856.71242379113,
        "rr": 0.0002125724802381466,
        "apr": 0.07758895528692351
    },
    "5/6/2022": {
        "tvl": 117292.07491495342,
        "revenue": 8.32052885503283,
        "volume": 2795.9518233753474,
        "rr": 0.00007093854261735851,
        "apr": 0.025892568055335855
    },
    "5/7/2022": {
        "tvl": 119516.30989547116,
        "revenue": 20.598277239444695,
        "volume": 6972.723892355626,
        "rr": 0.00017234699814159195,
        "apr": 0.06290665432168106
    },
    "5/8/2022": {
        "tvl": 119118.71665304339,
        "revenue": 12.638902672324315,
        "volume": 4215.171616074358,
        "rr": 0.00010610341537793423,
        "apr": 0.038727746612946
    },
    "5/9/2022": {
        "tvl": 108959.92788711935,
        "revenue": 71.9741210190725,
        "volume": 23311.951850586338,
        "rr": 0.0006605558797142053,
        "apr": 0.24110289609568494
    },
    "5/10/2022": {
        "tvl": 109229.91407572034,
        "revenue": 49.2220295790654,
        "volume": 16516.942547653678,
        "rr": 0.00045062774236866756,
        "apr": 0.16447912596456365
    },
    "5/11/2022": {
        "tvl": 97750.47078248196,
        "revenue": 82.43372303771564,
        "volume": 25762.742739572263,
        "rr": 0.0008433076831021128,
        "apr": 0.30780730433227116
    },
    "5/12/2022": {
        "tvl": 101395.36375184341,
        "revenue": 140.89839895304388,
        "volume": 49749.74404485803,
        "rr": 0.0013895940972003494,
        "apr": 0.5072018454781275
    },
    "5/13/2022": {
        "tvl": 101013.73978642495,
        "revenue": 57.23030718706168,
        "volume": 19533.916996931748,
        "rr": 0.000566559631472557,
        "apr": 0.2067942654874833
    },
    "5/14/2022": {
        "tvl": 100421.23370709241,
        "revenue": 28.509569874922892,
        "volume": 9676.816623235867,
        "rr": 0.00028389981702554363,
        "apr": 0.10362343321432343
    },
    "5/15/2022": {
        "tvl": 102521.92013036087,
        "revenue": 30.335829556454787,
        "volume": 10168.39936305731,
        "rr": 0.0002958960339201755,
        "apr": 0.10800205238086406
    },
    "5/16/2022": {
        "tvl": 101708.59423812531,
        "revenue": 40.495952662541775,
        "volume": 13772.452559585732,
        "rr": 0.0003981566451280469,
        "apr": 0.14532717547173712
    },
    "5/17/2022": {
        "tvl": 85587.41252187538,
        "revenue": 22.80816347809652,
        "volume": 7705.697208946731,
        "rr": 0.0002664896952255328,
        "apr": 0.09726873875731948
    },
    "5/18/2022": {
        "tvl": 81752.36297661133,
        "revenue": 13.288574180976335,
        "volume": 4358.938318132407,
        "rr": 0.00016254666773091422,
        "apr": 0.05932953372178369
    },
    "5/19/2022": {
        "tvl": 83477.23252348014,
        "revenue": 8.4770497005568,
        "volume": 2867.510075409595,
        "rr": 0.00010154924216219565,
        "apr": 0.037065473389201416
    },
    "5/20/2022": {
        "tvl": 83018.1604296304,
        "revenue": 13.555535687031046,
        "volume": 4581.025398506892,
        "rr": 0.0001632839804794431,
        "apr": 0.05959865287499674
    },
    "5/21/2022": {
        "tvl": 84358.1212371163,
        "revenue": 10.563720994638826,
        "volume": 3553.066911812103,
        "rr": 0.000125224706758772,
        "apr": 0.045707017966951785
    },
    "5/22/2022": {
        "tvl": 87599.78840260804,
        "revenue": 13.753645449857787,
        "volume": 4620.987786889603,
        "rr": 0.00015700546429000634,
        "apr": 0.057306994465852315
    },
    "5/23/2022": {
        "tvl": 88879.20693600552,
        "revenue": 24.178578634539964,
        "volume": 8158.873684158002,
        "rr": 0.0002720386406232105,
        "apr": 0.09929410382747184
    },
    "5/24/2022": {
        "tvl": 90349.49025883872,
        "revenue": 16.58132710776742,
        "volume": 5581.057118830802,
        "rr": 0.0001835243016896302,
        "apr": 0.06698637011671502
    },
    "5/25/2022": {
        "tvl": 92894.37806334077,
        "revenue": 14.818550703031956,
        "volume": 5032.873752928035,
        "rr": 0.00015952042536877538,
        "apr": 0.05822495525960301
    },
    "5/26/2022": {
        "tvl": 85605.97233620103,
        "revenue": 64.27599172564018,
        "volume": 21092.616722011204,
        "rr": 0.0007508353678083179,
        "apr": 0.274054909250036
    },
    "5/27/2022": {
        "tvl": 85524.54241566476,
        "revenue": 20.57366766237261,
        "volume": 7196.717375346737,
        "rr": 0.00024055864061079521,
        "apr": 0.08780390382294025
    },
    "5/28/2022": {
        "tvl": 88383.70564503387,
        "revenue": 7.038978861891193,
        "volume": 2379.846389910192,
        "rr": 0.00007964113758887979,
        "apr": 0.029069015219941124
    },
    "5/29/2022": {
        "tvl": 90700.27535393366,
        "revenue": 5.491013627959833,
        "volume": 1866.4838527979548,
        "rr": 0.00006054020901846897,
        "apr": 0.022097176291741176
    },
    "5/30/2022": {
        "tvl": 92841.63151528915,
        "revenue": 16.138307116372932,
        "volume": 5489.4155748617895,
        "rr": 0.00017382619039514916,
        "apr": 0.06344655949422945
    },
    "5/31/2022": {
        "tvl": 90270.33729380024,
        "revenue": 22.604637997275322,
        "volume": 7505.434851817047,
        "rr": 0.0002504104745250332,
        "apr": 0.09139982320163711
    },
    "6/1/2022": {
        "tvl": 86461.54035094012,
        "revenue": 37.873938693664755,
        "volume": 12307.710608475283,
        "rr": 0.00043804376535437167,
        "apr": 0.15988597435434565
    },
    "6/2/2022": {
        "tvl": 87866.22085203535,
        "revenue": 7.288564445237129,
        "volume": 2448.600991872177,
        "rr": 0.00008295069908049079,
        "apr": 0.030277005164379134
    },
    "6/3/2022": {
        "tvl": 84895.29151745714,
        "revenue": 31.524123877091846,
        "volume": 10432.265925127738,
        "rr": 0.00037132947320888223,
        "apr": 0.135535257721242
    },
    "6/4/2022": {
        "tvl": 85355.47594999326,
        "revenue": 7.818497586687794,
        "volume": 2603.1915386756673,
        "rr": 0.00009159925007352047,
        "apr": 0.033433726276834975
    },
    "6/5/2022": {
        "tvl": 89775.45748015707,
        "revenue": 20.994341396432407,
        "volume": 7099.773260353323,
        "rr": 0.00023385390601961292,
        "apr": 0.08535667569715871
    },
    "6/6/2022": {
        "tvl": 90031.89773557766,
        "revenue": 25.011147961063507,
        "volume": 8458.307994765819,
        "rr": 0.0002778031852057687,
        "apr": 0.10139816260010558
    },
    "6/7/2022": {
        "tvl": 88602.55141290456,
        "revenue": 25.07566604291728,
        "volume": 8277.17088508889,
        "rr": 0.00028301291151380006,
        "apr": 0.10329971270253703
    },
    "6/8/2022": {
        "tvl": 89167.56878466743,
        "revenue": 10.249389210954305,
        "volume": 3446.083604708547,
        "rr": 0.0001149452581319758,
        "apr": 0.04195501921817117
    },
    "6/9/2022": {
        "tvl": 93667.01977626838,
        "revenue": 65.55082302986604,
        "volume": 22633.959955280145,
        "rr": 0.0006998282126028962,
        "apr": 0.2554372976000571
    },
    "6/10/2022": {
        "tvl": 88811.1435218736,
        "revenue": 27.70781793230626,
        "volume": 9108.218178730487,
        "rr": 0.00031198582557921917,
        "apr": 0.11387482633641499
    },
    "6/11/2022": {
        "tvl": 80858.54221139554,
        "revenue": 29.673772502036872,
        "volume": 9300.933595633333,
        "rr": 0.0003669837680780608,
        "apr": 0.1339490753484922
    },
    "6/12/2022": {
        "tvl": 77512.94489892203,
        "revenue": 27.187626368618734,
        "volume": 8775.026259406532,
        "rr": 0.0003507494961528269,
        "apr": 0.1280235660957818
    },
    "6/13/2022": {
        "tvl": 73089.69996663684,
        "revenue": 66.82828127254254,
        "volume": 21796.650119499052,
        "rr": 0.0009143324066598654,
        "apr": 0.33373132843085085
    },
    "6/14/2022": {
        "tvl": 73590.09021476092,
        "revenue": 29.628563998381725,
        "volume": 9834.071749293964,
        "rr": 0.0004026162206339943,
        "apr": 0.1469549205314079
    },
    "6/15/2022": {
        "tvl": 75611.3270952688,
        "revenue": 38.91989817749662,
        "volume": 13386.066728156802,
        "rr": 0.0005147363453687078,
        "apr": 0.18787876605957837
    },
    "6/16/2022": {
        "tvl": 73251.41515944715,
        "revenue": 38.43842929837474,
        "volume": 12598.239524384911,
        "rr": 0.00052474657608601,
        "apr": 0.19153250027139365
    },
    "6/17/2022": {
        "tvl": 72788.03923810605,
        "revenue": 12.068052341520474,
        "volume": 3972.706550604636,
        "rr": 0.000165797189591042,
        "apr": 0.060515974200730335
    },
    "6/18/2022": {
        "tvl": 69485.17637502517,
        "revenue": 42.646200932303884,
        "volume": 14024.964345926368,
        "rr": 0.0006137453073751148,
        "apr": 0.22401703719191687
    },
    "6/19/2022": {
        "tvl": 69842.58005718906,
        "revenue": 20.227491066420146,
        "volume": 6813.2988853283005,
        "rr": 0.00028961546165472856,
        "apr": 0.10570964350397592
    },
    "6/20/2022": {
        "tvl": 71723.98181015458,
        "revenue": 15.354422382886636,
        "volume": 5137.808768052549,
        "rr": 0.00021407654727714485,
        "apr": 0.07813793975615788
    },
    "6/21/2022": {
        "tvl": 70499.2661252364,
        "revenue": 18.694062355645887,
        "volume": 6058.174110592965,
        "rr": 0.00026516676531692333,
        "apr": 0.09678586934067702
    },
    "6/22/2022": {
        "tvl": 70762.74798684497,
        "revenue": 11.10199727240977,
        "volume": 3712.3442548747066,
        "rr": 0.00015689042028828033,
        "apr": 0.057265003405222316
    },
    "6/23/2022": {
        "tvl": 73546.10759431115,
        "revenue": 20.95312391795367,
        "volume": 7169.185326753992,
        "rr": 0.00028489779545551926,
        "apr": 0.10398769534126452
    },
    "6/24/2022": {
        "tvl": 74518.68563332598,
        "revenue": 18.084959410616666,
        "volume": 6103.603479991852,
        "rr": 0.0002426902629443155,
        "apr": 0.08858194597467514
    },
    "6/25/2022": {
        "tvl": 74333.28967735966,
        "revenue": 15.634919627017675,
        "volume": 5262.483211206817,
        "rr": 0.00021033536514905165,
        "apr": 0.07677240827940385
    },
    "6/26/2022": {
        "tvl": 73486.02993333925,
        "revenue": 11.343216330337722,
        "volume": 3745.788453632523,
        "rr": 0.00015435881269715342,
        "apr": 0.056340966634461
    },
    "6/27/2022": {
        "tvl": 76560.39491465353,
        "revenue": 29.46035492252795,
        "volume": 10004.461005534295,
        "rr": 0.0003847988892346908,
        "apr": 0.14045159457066217
    },
    "6/28/2022": {
        "tvl": 74897.88651399103,
        "revenue": 21.914657543320722,
        "volume": 7341.170199494396,
        "rr": 0.0002925938042220595,
        "apr": 0.10679673854105172
    },
    "6/29/2022": {
        "tvl": 72409.25404781186,
        "revenue": 16.64731227726047,
        "volume": 5416.334903969634,
        "rr": 0.00022990586626218026,
        "apr": 0.08391564118569579
    },
    "6/30/2022": {
        "tvl": 70748.89767010465,
        "revenue": 25.372301694677734,
        "volume": 8414.624528539549,
        "rr": 0.0003586246928254113,
        "apr": 0.1308980128812751
    },
    "7/1/2022": {
        "tvl": 36118.625589475385,
        "revenue": 14.421522397569225,
        "volume": 4875.031352589653,
        "rr": 0.00039928214770640433,
        "apr": 0.14573798391283757
    },
    "7/2/2022": {
        "tvl": 35319.332965359295,
        "revenue": 4.773276846974664,
        "volume": 1603.1018218110025,
        "rr": 0.0001351462908899278,
        "apr": 0.04932839617482365
    },
    "7/3/2022": {
        "tvl": 35354.449641387175,
        "revenue": 7.822668358390426,
        "volume": 2632.615368965853,
        "rr": 0.00022126403996494212,
        "apr": 0.08076137458720388
    },
    "7/4/2022": {
        "tvl": 36387.19203301582,
        "revenue": 3.371214492541887,
        "volume": 1131.7580244604537,
        "rr": 0.00009264838269144332,
        "apr": 0.033816659682376814
    },
    "7/5/2022": {
        "tvl": 35581.38422234074,
        "revenue": 13.349010699889872,
        "volume": 4473.976725166994,
        "rr": 0.00037516839188927146,
        "apr": 0.1369364630395841
    },
    "7/6/2022": {
        "tvl": 36362.870386181945,
        "revenue": 3.2877652905296966,
        "volume": 1112.4493160901661,
        "rr": 0.00009041545003496374,
        "apr": 0.03300163926276177
    },
    "7/7/2022": {
        "tvl": 36627.26457040883,
        "revenue": 1.2673803480328447,
        "volume": 425.5177026549035,
        "rr": 0.00003460210209246042,
        "apr": 0.012629767263748053
    },
    "7/8/2022": {
        "tvl": 36792.13998012889,
        "revenue": 8.260716817439974,
        "volume": 2827.16649907899,
        "rr": 0.00022452395598357457,
        "apr": 0.08195124393400471
    },
    "7/9/2022": {
        "tvl": 36843.28099926879,
        "revenue": 1.79254753302659,
        "volume": 594.3720841593546,
        "rr": 0.00004865330894558945,
        "apr": 0.01775845776514015
    },
    "7/10/2022": {
        "tvl": 37459.592635978595,
        "revenue": 4.83734245470342,
        "volume": 1634.7588668077562,
        "rr": 0.0001291349455321446,
        "apr": 0.04713425511923277
    },
    "7/11/2022": {
        "tvl": 36975.118388362294,
        "revenue": 9.045944979903616,
        "volume": 2987.1311669743473,
        "rr": 0.0002446495203853296,
        "apr": 0.0892970749406453
    },
    "7/12/2022": {
        "tvl": 35258.25193729141,
        "revenue": 9.305140323722174,
        "volume": 3038.0703110826626,
        "rr": 0.0002639138304494459,
        "apr": 0.09632854811404777
    },
    "7/13/2022": {
        "tvl": 35946.6893233356,
        "revenue": 8.394856494099367,
        "volume": 2852.8908113717002,
        "rr": 0.0002335362908831122,
        "apr": 0.08524074617233596
    },
    "7/14/2022": {
        "tvl": 36805.887655298735,
        "revenue": 3.119815864845473,
        "volume": 1058.0595896661682,
        "rr": 0.00008476404356997843,
        "apr": 0.03093887590304212
    },
    "7/15/2022": {
        "tvl": 36643.4479507585,
        "revenue": 1.76879832384062,
        "volume": 588.2051119444046,
        "rr": 0.0000482705210005765,
        "apr": 0.017618740165210423
    },
    "7/16/2022": {
        "tvl": 33278.63094785385,
        "revenue": 12.4794406648114,
        "volume": 4310.695676298731,
        "rr": 0.00037499861951551227,
        "apr": 0.136874496123162
    },
    "7/17/2022": {
        "tvl": 33481.69867145416,
        "revenue": 3.1155324527851214,
        "volume": 1054.7228739064085,
        "rr": 0.00009305180371393053,
        "apr": 0.03396390835558464
    },
    "7/18/2022": {
        "tvl": 34391.849996054945,
        "revenue": 5.8861181863337135,
        "volume": 1989.9408335964772,
        "rr": 0.00017114863512747655,
        "apr": 0.062469251821528946
    },
    "7/19/2022": {
        "tvl": 34862.620244941296,
        "revenue": 8.419848850161898,
        "volume": 2835.0846271360074,
        "rr": 0.0002415150895430372,
        "apr": 0.08815300768320858
    },
    "7/20/2022": {
        "tvl": 32031.793389351347,
        "revenue": 7.176855424052624,
        "volume": 2315.2633138852716,
        "rr": 0.00022405412450114323,
        "apr": 0.08177975544291728
    },
    "7/21/2022": {
        "tvl": 32931.424112098575,
        "revenue": 4.40658929279292,
        "volume": 1487.3419196511654,
        "rr": 0.00013381107594353917,
        "apr": 0.048841042719391804
    },
    "7/22/2022": {
        "tvl": 32364.033643940467,
        "revenue": 7.276719575724125,
        "volume": 2399.6827335651888,
        "rr": 0.00022483969877736635,
        "apr": 0.08206649005373871
    },
    "7/23/2022": {
        "tvl": 32972.8685848198,
        "revenue": 1.9450433922953778,
        "volume": 655.3376244699268,
        "rr": 0.00005898920766605201,
        "apr": 0.021531060798108986
    },
    "7/24/2022": {
        "tvl": 31848.760021546706,
        "revenue": 7.02748382700477,
        "volume": 2287.4890609575637,
        "rr": 0.0002206517246589962,
        "apr": 0.08053787950053362
    },
    "7/25/2022": {
        "tvl": 30961.710772631595,
        "revenue": 5.559626788201148,
        "volume": 1813.5737396230918,
        "rr": 0.0001795645863701932,
        "apr": 0.06554107402512052
    },
    "7/26/2022": {
        "tvl": 31634.84949061849,
        "revenue": 4.027023720137385,
        "volume": 1367.393481865697,
        "rr": 0.00012729707221561536,
        "apr": 0.04646343135869961
    },
    "7/27/2022": {
        "tvl": 32579.865511667,
        "revenue": 12.447538503484834,
        "volume": 4277.464224617433,
        "rr": 0.0003820623046779402,
        "apr": 0.13945274120744816
    },
    "7/28/2022": {
        "tvl": 33567.035093374645,
        "revenue": 5.436125436874935,
        "volume": 1848.8375135009321,
        "rr": 0.00016194833478003245,
        "apr": 0.05911114219471184
    },
    "7/29/2022": {
        "tvl": 33372.33236425862,
        "revenue": 5.154779488824814,
        "volume": 1727.0816701329982,
        "rr": 0.00015446266783395465,
        "apr": 0.056378873759393454
    },
    "7/30/2022": {
        "tvl": 34348.722137007506,
        "revenue": 8.204696722998719,
        "volume": 2726.2184084032347,
        "rr": 0.00023886468586145545,
        "apr": 0.08718561033943124
    },
    "7/31/2022": {
        "tvl": 33817.42953119799,
        "revenue": 4.644917938193587,
        "volume": 1548.932767470666,
        "rr": 0.00013735277939763154,
        "apr": 0.050133764480135505
    },
    "8/1/2022": {
        "tvl": 33118.490602726975,
        "revenue": 7.837517367075334,
        "volume": 2544.6916406742625,
        "rr": 0.0002366508021482716,
        "apr": 0.08637754278411913
    },
    "8/2/2022": {
        "tvl": 32964.039546491746,
        "revenue": 3.9171720793404243,
        "volume": 1287.7957353584616,
        "rr": 0.00011883167637314997,
        "apr": 0.043373561876199736
    },
    "8/3/2022": {
        "tvl": 33852.59346033828,
        "revenue": 2.2162488885968936,
        "volume": 743.0277646753303,
        "rr": 0.00006546762484219864,
        "apr": 0.023895683067402505
    },
    "8/4/2022": {
        "tvl": 34631.21490935447,
        "revenue": 6.235774538630321,
        "volume": 2103.3931191991924,
        "rr": 0.0001800622517850488,
        "apr": 0.06572272190154281
    },
    "8/5/2022": {
        "tvl": 34625.46256552909,
        "revenue": 2.119694206244621,
        "volume": 706.9049272721811,
        "rr": 0.00006121778740812704,
        "apr": 0.02234449240396637
    },
    "8/6/2022": {
        "tvl": 34668.043674392655,
        "revenue": 1.7957773963601864,
        "volume": 597.2483350670584,
        "rr": 0.00005179921351277825,
        "apr": 0.01890671293216406
    },
    "8/7/2022": {
        "tvl": 35218.27228899738,
        "revenue": 1.5457421164997325,
        "volume": 515.0250838336805,
        "rr": 0.00004389034487028602,
        "apr": 0.0160199758776544
    },
    "8/8/2022": {
        "tvl": 34916.03073331238,
        "revenue": 3.6490080390745168,
        "volume": 1204.4663675523068,
        "rr": 0.00010450810021750564,
        "apr": 0.03814545657938955
    },
    "8/9/2022": {
        "tvl": 33836.35653766932,
        "revenue": 5.993791652401174,
        "volume": 1963.2465330536115,
        "rr": 0.00017714057498266424,
        "apr": 0.06465630986867245
    },
    "8/10/2022": {
        "tvl": 35082.226173461444,
        "revenue": 3.6094856452477626,
        "volume": 1214.216993188231,
        "rr": 0.0001028864481803672,
        "apr": 0.03755355358583403
    },
    "8/11/2022": {
        "tvl": 35074.837048428824,
        "revenue": 1.4541095830571733,
        "volume": 483.20094109822844,
        "rr": 0.00004145734393717761,
        "apr": 0.015131930537069828
    },
    "8/12/2022": {
        "tvl": 35384.811065460024,
        "revenue": 0.6573379584513552,
        "volume": 220.17284392619632,
        "rr": 0.000018576839572078393,
        "apr": 0.006780546443808614
    },
    "8/13/2022": {
        "tvl": 33284.79797073593,
        "revenue": 0.08377247184562672,
        "volume": 27.969156975890428,
        "rr": 0.0000025168388259192576,
        "apr": 0.0009186461714605291
    },
    "8/14/2022": {
        "tvl": 32707.73567639009,
        "revenue": 2.600377167207473,
        "volume": 853.5975768806694,
        "rr": 0.00007950342979824623,
        "apr": 0.029018751876359872
    },
    "8/15/2022": {
        "tvl": 32478.987646520894,
        "revenue": 2.305350343963594,
        "volume": 765.5050943627593,
        "rr": 0.00007097974755412488,
        "apr": 0.025907607857255585
    },
    "8/16/2022": {
        "tvl": 34192.31411233629,
        "revenue": 2.827545273487902,
        "volume": 947.7886440413257,
        "rr": 0.000082695346802156,
        "apr": 0.030183801582786936
    },
    "8/17/2022": {
        "tvl": 33016.26304569593,
        "revenue": 3.648879832548066,
        "volume": 1195.8069092180053,
        "rr": 0.00011051765087701958,
        "apr": 0.04033894257011215
    },
    "8/18/2022": {
        "tvl": 31306.46116280497,
        "revenue": 2.4128366481204635,
        "volume": 758.1633259415032,
        "rr": 0.00007707152320962872,
        "apr": 0.028131105971514483
    },
    "8/19/2022": {
        "tvl": 30416.737410413916,
        "revenue": 12.052025941362537,
        "volume": 4050.095849140306,
        "rr": 0.0003962300682924734,
        "apr": 0.1446239749267528
    },
    "8/20/2022": {
        "tvl": 30137.97015964702,
        "revenue": 1.5782124570085299,
        "volume": 519.5186074618863,
        "rr": 0.00005236624924135283,
        "apr": 0.019113680973093784
    },
    "8/21/2022": {
        "tvl": 30752.5139471213,
        "revenue": 1.622576697934134,
        "volume": 541.9194995074564,
        "rr": 0.00005276240832616617,
        "apr": 0.01925827903905065
    },
    "8/22/2022": {
        "tvl": 30361.23190879901,
        "revenue": 3.028240557489425,
        "volume": 1008.9450624545145,
        "rr": 0.00009974037175388159,
        "apr": 0.03640523569016678
    },
    "8/23/2022": {
        "tvl": 30166.157801304915,
        "revenue": 1.90706155759608,
        "volume": 629.7496326046621,
        "rr": 0.00006321857659690374,
        "apr": 0.023074780457869867
    },
    "8/24/2022": {
        "tvl": 30556.87036668447,
        "revenue": 1.250772228634675,
        "volume": 416.07216673490484,
        "rr": 0.00004093260250887363,
        "apr": 0.014940399915738874
    },
    "8/25/2022": {
        "tvl": 31032.33034679929,
        "revenue": 0.9426572555817869,
        "volume": 314.68000617277227,
        "rr": 0.000030376618354058406,
        "apr": 0.011087465699231318
    },
    "8/26/2022": {
        "tvl": 29254.171664611207,
        "revenue": 6.856202399399875,
        "volume": 2186.4503128701435,
        "rr": 0.00023436665642096534,
        "apr": 0.08554382959365235
    },
    "8/27/2022": {
        "tvl": 29151.47424755983,
        "revenue": 4.954418420243436,
        "volume": 1651.882152233525,
        "rr": 0.00016995430070429983,
        "apr": 0.062033319757069445
    },
    "8/28/2022": {
        "tvl": 28698.49537635739,
        "revenue": 2.7893463648926806,
        "volume": 912.7247079400541,
        "rr": 0.00009719486434088878,
        "apr": 0.03547612548442441
    },
    "8/29/2022": {
        "tvl": 29684.543164826202,
        "revenue": 2.004792802194078,
        "volume": 668.8849487000947,
        "rr": 0.0000675365893644473,
        "apr": 0.024650855118023264
    },
    "8/30/2022": {
        "tvl": 29811.342309738837,
        "revenue": 2.2774548238714165,
        "volume": 764.1326478530026,
        "rr": 0.00007639558125926495,
        "apr": 0.027884387159631704
    },
    "8/31/2022": {
        "tvl": 29500.132319940963,
        "revenue": 1.443032790081474,
        "volume": 472.15390581451413,
        "rr": 0.000048916146355928,
        "apr": 0.017854393419913718
    },
    "9/1/2022": {
        "tvl": 30025.134065641054,
        "revenue": 3.535739944906218,
        "volume": 1200.1003306314599,
        "rr": 0.00011775933913155462,
        "apr": 0.042982158783017435
    },
    "9/2/2022": {
        "tvl": 29364.91466989013,
        "revenue": 4.81971391265661,
        "volume": 1593.7324084629206,
        "rr": 0.00016413171864580948,
        "apr": 0.05990807730572046
    },
    "9/3/2022": {
        "tvl": 29662.544534812994,
        "revenue": 0.34150883615130195,
        "volume": 114.0953934202588,
        "rr": 0.000011513133532778865,
        "apr": 0.004202293739464286
    },
    "9/4/2022": {
        "tvl": 30048.44896524984,
        "revenue": 0.7476882855227861,
        "volume": 250.7803560449795,
        "rr": 0.000024882758054749045,
        "apr": 0.009082206689983401
    },
    "9/5/2022": {
        "tvl": 29932.153315607324,
        "revenue": 3.2081623332384015,
        "volume": 1074.338995045864,
        "rr": 0.00010718114060860401,
        "apr": 0.039121116322140465
    },
    "9/6/2022": {
        "tvl": 28647.026024307586,
        "revenue": 9.295352656102397,
        "volume": 3027.6712451413746,
        "rr": 0.000324478800983219,
        "apr": 0.11843476235887493
    },
    "9/7/2022": {
        "tvl": 29330.975748715373,
        "revenue": 1.702298489923207,
        "volume": 569.9112410619156,
        "rr": 0.00005803756767272782,
        "apr": 0.021183712200545653
    },
    "9/8/2022": {
        "tvl": 30629.86008364137,
        "revenue": 3.964110513603496,
        "volume": 1343.2221610559582,
        "rr": 0.0001294198048172158,
        "apr": 0.04723822875828377
    },
    "9/9/2022": {
        "tvl": 30940.63190107862,
        "revenue": 5.301553673903162,
        "volume": 1767.2580217731431,
        "rr": 0.0001713460051770418,
        "apr": 0.06254129188962025
    },
    "9/10/2022": {
        "tvl": 30896.68334340486,
        "revenue": 2.2818843088090524,
        "volume": 760.5916965545126,
        "rr": 0.00007385531590710815,
        "apr": 0.026957190306094475
    },
    "9/11/2022": {
        "tvl": 31142.025854937965,
        "revenue": 8.223261070455761,
        "volume": 2738.381718126468,
        "rr": 0.00026405671579493145,
        "apr": 0.09638070126514997
    },
    "9/12/2022": {
        "tvl": 30708.70733607966,
        "revenue": 4.579122015201325,
        "volume": 1514.865633804326,
        "rr": 0.00014911477598476814,
        "apr": 0.054426893234440374
    },
    "9/13/2022": {
        "tvl": 25522.636168898225,
        "revenue": 7.023120570623705,
        "volume": 2283.042048749961,
        "rr": 0.00027517222453619624,
        "apr": 0.10043786195571161
    },
    "9/14/2022": {
        "tvl": 25506.35415327119,
        "revenue": 3.805587155763995,
        "volume": 1264.5561392689483,
        "rr": 0.00014920153358240453,
        "apr": 0.05445855975757766
    },
    "9/15/2022": {
        "tvl": 25340.69816859736,
        "revenue": 1.700814526352612,
        "volume": 565.2311409525448,
        "rr": 0.00006711790318627809,
        "apr": 0.0244980346629915
    },
    "9/16/2022": {
        "tvl": 25443.69217077384,
        "revenue": 0.25086258820634505,
        "volume": 83.31086915696072,
        "rr": 0.000009859519857518986,
        "apr": 0.00359872474799443
    },
    "9/17/2022": {
        "tvl": 25411.561930888125,
        "revenue": 0.10217355785468797,
        "volume": 33.89053820476913,
        "rr": 0.000004020750795742883,
        "apr": 0.0014675740404461522
    },
    "9/18/2022": {
        "tvl": 24481.38897797518,
        "revenue": 3.104318974802039,
        "volume": 999.4621766884384,
        "rr": 0.000126803220911806,
        "apr": 0.04628317563280919
    },
    "9/19/2022": {
        "tvl": 25196.60918223853,
        "revenue": 0.9274119136774296,
        "volume": 309.86246749840245,
        "rr": 0.00003680701268054656,
        "apr": 0.013434559628399496
    },
    "9/20/2022": {
        "tvl": 24890.951188068626,
        "revenue": 1.5816298892362672,
        "volume": 523.3760501197254,
        "rr": 0.00006354236434300731,
        "apr": 0.023192962985197667
    },
    "9/21/2022": {
        "tvl": 24544.833222491485,
        "revenue": 3.2469266745658723,
        "volume": 1062.349058809732,
        "rr": 0.00013228554641758877,
        "apr": 0.0482842244424199
    },
    "9/22/2022": {
        "tvl": 25436.37760490342,
        "revenue": 1.7006495394164187,
        "volume": 571.056710479566,
        "rr": 0.00006685895160986213,
        "apr": 0.02440351733759968
    },
    "9/23/2022": {
        "tvl": 25462.118738593377,
        "revenue": 3.07937121193167,
        "volume": 1045.237477629837,
        "rr": 0.00012093931551989087,
        "apr": 0.04414285016476017
    },
    "9/24/2022": {
        "tvl": 24978.24820884033,
        "revenue": 1.02961828653334,
        "volume": 335.19435807275346,
        "rr": 0.0000412205963334505,
        "apr": 0.01504551766170943
    },
    "9/25/2022": {
        "tvl": 24763.47034984945,
        "revenue": 0.7460566463621412,
        "volume": 243.1004519539421,
        "rr": 0.000030127305899460772,
        "apr": 0.01099646665330318
    },
    "9/26/2022": {
        "tvl": 25363.38371655525,
        "revenue": 2.086302225152247,
        "volume": 710.6760678273298,
        "rr": 0.00008225646264187024,
        "apr": 0.03002360886428264
    },
    "9/27/2022": {
        "tvl": 24398.873039867332,
        "revenue": 5.278913562405267,
        "volume": 1738.7883090379332,
        "rr": 0.00021635890943731765,
        "apr": 0.07897100194462094
    },
    "9/28/2022": {
        "tvl": 24612.746307761754,
        "revenue": 1.583726208557842,
        "volume": 530.2019274856164,
        "rr": 0.00006434577388295779,
        "apr": 0.023486207467279595
    },
    "9/29/2022": {
        "tvl": 24495.179415361275,
        "revenue": 0.3124746617035817,
        "volume": 102.65770553028872,
        "rr": 0.00001275657779047025,
        "apr": 0.004656150893521641
    },
    "9/30/2022": {
        "tvl": 24451.3526973651,
        "revenue": 0.5439627114161004,
        "volume": 178.15336559091335,
        "rr": 0.00002224673285559037,
        "apr": 0.008120057492290486
    },
    "10/1/2022": {
        "tvl": 24486.665604578546,
        "revenue": 0.203818,
        "volume": 66.6719723037358,
        "rr": 0.00000832363226955204,
        "apr": 0.0030381257783864946
    },
    "10/2/2022": {
        "tvl": 24309.314384683617,
        "revenue": 2.1710652861810815,
        "volume": 727.5712290528804,
        "rr": 0.00008931001721500579,
        "apr": 0.032598156283477106
    },
    "10/3/2022": {
        "tvl": 24669.369101743454,
        "revenue": 0.6768684825196597,
        "volume": 226.3378877700388,
        "rr": 0.000027437608141824085,
        "apr": 0.010014726971765791
    },
    "10/4/2022": {
        "tvl": 24729.235675174936,
        "revenue": 0.6263339460385595,
        "volume": 209.37041857161358,
        "rr": 0.000025327671031390613,
        "apr": 0.009244599926457573
    },
    "10/5/2022": {
        "tvl": 24552.37677139747,
        "revenue": 0.7365248212183915,
        "volume": 243.20298873177944,
        "rr": 0.000029998106825910768,
        "apr": 0.01094930899145743
    },
    "10/6/2022": {
        "tvl": 24577.414535251584,
        "revenue": 0.4008140586384936,
        "volume": 132.2311509874404,
        "rr": 0.000016308227135266924,
        "apr": 0.005952502904372428
    },
    "10/7/2022": {
        "tvl": 24396.854480340324,
        "revenue": 1.407204376462098,
        "volume": 466.4346621541459,
        "rr": 0.0000576797462802454,
        "apr": 0.021053107392289567
    },
    "10/8/2022": {
        "tvl": 24425.881443054688,
        "revenue": 0.17841218725227156,
        "volume": 59.25192270133575,
        "rr": 0.000007304227184931404,
        "apr": 0.0026660429224999622
    },
    "10/9/2022": {
        "tvl": 24581.014435383753,
        "revenue": 0.32669538804158,
        "volume": 109.15482804000058,
        "rr": 0.00001329055759274565,
        "apr": 0.004851053521352163
    },
    "10/10/2022": {
        "tvl": 23883.517511084818,
        "revenue": 2.800951918009566,
        "volume": 911.9523721810153,
        "rr": 0.00011727551926593679,
        "apr": 0.04280556453206692
    },
    "10/11/2022": {
        "tvl": 23861.858692142574,
        "revenue": 1.1993250962733906,
        "volume": 398.05022146227344,
        "rr": 0.00005026117670658715,
        "apr": 0.018345329497904312
    },
    "10/12/2022": {
        "tvl": 23627.237310171586,
        "revenue": 1.4213980037364582,
        "volume": 468.55334274911223,
        "rr": 0.00006015929772392572,
        "apr": 0.021958143669232887
    },
    "10/13/2022": {
        "tvl": 24187.399162593247,
        "revenue": 4.768526618381694,
        "volume": 1615.9955217252245,
        "rr": 0.00019714920923603915,
        "apr": 0.07195946137115429
    },
    "10/14/2022": {
        "tvl": 24021.88960252433,
        "revenue": 0.9702371522851981,
        "volume": 317.5192947780502,
        "rr": 0.000040389709899559326,
        "apr": 0.014742244113339152
    },
    "10/15/2022": {
        "tvl": 24055.665925332312,
        "revenue": 0.703279100670988,
        "volume": 234.61638185078237,
        "rr": 0.00002923548667719007,
        "apr": 0.010670952637174375
    },
    "10/16/2022": {
        "tvl": 24092.773387542267,
        "revenue": 0.3632765141623168,
        "volume": 121.30968886295382,
        "rr": 0.000015078235631857869,
        "apr": 0.005503556005628122
    },
    "10/17/2022": {
        "tvl": 24265.04075531463,
        "revenue": 0.33172618731681014,
        "volume": 110.80077865034598,
        "rr": 0.000013670951170529319,
        "apr": 0.004989897177243201
    },
    "10/18/2022": {
        "tvl": 23992.52024989985,
        "revenue": 1.2162442509114213,
        "volume": 396.87975545442026,
        "rr": 0.00005069264246704129,
        "apr": 0.01850281450047007
    },
    "10/19/2022": {
        "tvl": 23735.20946565309,
        "revenue": 6.06796991193589,
        "volume": 2150.862855427894,
        "rr": 0.000255652680070794,
        "apr": 0.0933132282258398
    },
    "10/20/2022": {
        "tvl": 23684.262310225,
        "revenue": 1.1807196578571293,
        "volume": 392.6011373634006,
        "rr": 0.000049852498777105145,
        "apr": 0.01819616205364338
    },
    "10/21/2022": {
        "tvl": 23801.721973575386,
        "revenue": 1.5580668242477123,
        "volume": 520.0175754967424,
        "rr": 0.00006546025644604513,
        "apr": 0.023892993602806473
    },
    "10/22/2022": {
        "tvl": 23911.58820150571,
        "revenue": 0.040724471670298926,
        "volume": 13.590268818725272,
        "rr": 0.0000017031270080058718,
        "apr": 0.0006216413579221432
    },
    "10/23/2022": {
        "tvl": 23933.910777001856,
        "revenue": 1.3574014116824222,
        "volume": 451.3207868445363,
        "rr": 0.00005671456805908845,
        "apr": 0.02070081734156728
    },
    "10/24/2022": {
        "tvl": 23966.787599562555,
        "revenue": 1.4227777622788036,
        "volume": 473.02370248242426,
        "rr": 0.00005936455840685017,
        "apr": 0.02166806381850031
    },
    "10/25/2022": {
        "tvl": 24392.467927757585,
        "revenue": 7.913582878681006,
        "volume": 2761.959611442157,
        "rr": 0.000324427315108845,
        "apr": 0.11841597001472844
    },
    "10/26/2022": {
        "tvl": 24756.08454487847,
        "revenue": 2.39192095468201,
        "volume": 802.309652082759,
        "rr": 0.00009661951793490905,
        "apr": 0.0352661240462418
    },
    "10/27/2022": {
        "tvl": 24462.829932382814,
        "revenue": 2.4282742873458907,
        "volume": 796.6557101665683,
        "rr": 0.00009926383390874367,
        "apr": 0.036231299376691437
    },
    "10/28/2022": {
        "tvl": 24833.176010073432,
        "revenue": 1.051752770440734,
        "volume": 353.193425283438,
        "rr": 0.00004235272886617872,
        "apr": 0.01545874603615523
    },
    "10/29/2022": {
        "tvl": 24661.139807186824,
        "revenue": 0.981658512725294,
        "volume": 324.0992042774188,
        "rr": 0.00003980588571332847,
        "apr": 0.014529148285364892
    },
    "10/30/2022": {
        "tvl": 24543.32152875422,
        "revenue": 0.8488253690208604,
        "volume": 279.4890905870324,
        "rr": 0.00003458477973433229,
        "apr": 0.012623444603031287
    },
    "10/31/2022": {
        "tvl": 24529.072687018328,
        "revenue": 1.5495532550840765,
        "volume": 512.5622399771286,
        "rr": 0.00006317210906648567,
        "apr": 0.023057819809267268
    },
    "11/1/2022": {
        "tvl": 24418.10076378952,
        "revenue": 3.3643296147295794,
        "volume": 1116.9750531049078,
        "rr": 0.0001377801511786152,
        "apr": 0.050289755180194545
    },
    "11/2/2022": {
        "tvl": 24469.70372253395,
        "revenue": 2.489214605177406,
        "volume": 833.7254759798993,
        "rr": 0.00010172638922820747,
        "apr": 0.037130132068295726
    },
    "11/3/2022": {
        "tvl": 24045.08318424626,
        "revenue": 0.9209414809990215,
        "volume": 302.27278704539515,
        "rr": 0.00003830061530427141,
        "apr": 0.013979724586059065
    },
    "11/4/2022": {
        "tvl": 24825.73371114747,
        "revenue": 2.177061334805861,
        "volume": 728.1224125193563,
        "rr": 0.0000876937358684508,
        "apr": 0.03200821359198454
    },
    "11/5/2022": {
        "tvl": 24807.912499368744,
        "revenue": 1.5431882401072068,
        "volume": 515.3678074287853,
        "rr": 0.00006220548545333971,
        "apr": 0.022705002190468997
    },
    "11/6/2022": {
        "tvl": 24160.48529818947,
        "revenue": 1.1081482514986873,
        "volume": 359.56847545403474,
        "rr": 0.00004586614208373246,
        "apr": 0.016741141860562348
    },
    "11/7/2022": {
        "tvl": 23587.85833904088,
        "revenue": 2.9876404704839086,
        "volume": 980.143740678151,
        "rr": 0.00012666009891788214,
        "apr": 0.04623093610502698
    },
    "11/8/2022": {
        "tvl": 21997.660909400674,
        "revenue": 10.796022469435279,
        "volume": 3499.548157697432,
        "rr": 0.0004907804749741193,
        "apr": 0.17913487336555353
    },
    "11/9/2022": {
        "tvl": 21280.291250614177,
        "revenue": 6.252145885635635,
        "volume": 2069.668786450416,
        "rr": 0.0002937998268917109,
        "apr": 0.10723693681547447
    },
    "11/10/2022": {
        "tvl": 21669.722047959807,
        "revenue": 5.506390121094149,
        "volume": 1836.331591952476,
        "rr": 0.0002541052492001194,
        "apr": 0.09274841595804358
    },
    "11/11/2022": {
        "tvl": 21066.55944681707,
        "revenue": 3.1862204791701445,
        "volume": 1043.839466242761,
        "rr": 0.00015124541276964653,
        "apr": 0.05520457566092099
    },
    "11/12/2022": {
        "tvl": 21250.778437112425,
        "revenue": 0.8921883712843552,
        "volume": 300.697771880284,
        "rr": 0.00004198379715475433,
        "apr": 0.015324085961485328
    },
    "11/13/2022": {
        "tvl": 20067.336655249015,
        "revenue": 7.375762439840566,
        "volume": 2380.271830229914,
        "rr": 0.0003675506404538884,
        "apr": 0.13415598376566926
    },
    "11/14/2022": {
        "tvl": 20874.92389273796,
        "revenue": 2.118755645629042,
        "volume": 713.0593771710818,
        "rr": 0.0001014976464832105,
        "apr": 0.037046640966371835
    },
    "11/15/2022": {
        "tvl": 20903.55968654479,
        "revenue": 0.505891616729351,
        "volume": 168.5842486279723,
        "rr": 0.000024201218563505403,
        "apr": 0.008833444775679473
    },
    "11/16/2022": {
        "tvl": 20368.302900555504,
        "revenue": 1.2256162438090203,
        "volume": 400.9694400011044,
        "rr": 0.00006017272277385438,
        "apr": 0.02196304381245685
    },
    "11/17/2022": {
        "tvl": 20378.415684606323,
        "revenue": 0.5266117713324944,
        "volume": 174.4047393679604,
        "rr": 0.000025841644388984188,
        "apr": 0.009432200201979228
    },
    "11/18/2022": {
        "tvl": 20473.165904464408,
        "revenue": 0.38620833891537193,
        "volume": 128.54874697791917,
        "rr": 0.000018864123932642717,
        "apr": 0.006885405235414591
    },
    "11/19/2022": {
        "tvl": 20584.825164467456,
        "revenue": 0.749730572321929,
        "volume": 250.38067482987188,
        "rr": 0.00003642151761463965,
        "apr": 0.013293853929343473
    },
    "11/20/2022": {
        "tvl": 20407.30792064744,
        "revenue": 2.7837000260681686,
        "volume": 931.9871201798139,
        "rr": 0.00013640701835305346,
        "apr": 0.04978856169886452
    },
    "11/21/2022": {
        "tvl": 20089.835939646484,
        "revenue": 1.5573577531701182,
        "volume": 519.7512609383904,
        "rr": 0.0000775196849714803,
        "apr": 0.028294685014590308
    },
    "11/22/2022": {
        "tvl": 20607.98403332985,
        "revenue": 1.4922715234134887,
        "volume": 505.2279169997192,
        "rr": 0.00007241230005807447,
        "apr": 0.02643048952119718
    },
    "11/23/2022": {
        "tvl": 20705.35308753221,
        "revenue": 2.296106042430454,
        "volume": 782.8727486211692,
        "rr": 0.00011089431958603308,
        "apr": 0.040476426648902074
    },
    "11/24/2022": {
        "tvl": 20430.35994810309,
        "revenue": 0.640911155580853,
        "volume": 211.560321377056,
        "rr": 0.000031370526863397724,
        "apr": 0.01145024230514017
    },
    "11/25/2022": {
        "tvl": 20715.575333440873,
        "revenue": 0.13920963700928388,
        "volume": 46.58292090547443,
        "rr": 0.000006720046861771666,
        "apr": 0.002452817104546658
    },
    "11/26/2022": {
        "tvl": 20480.882813854205,
        "revenue": 0.41098245724461896,
        "volume": 135.84021188855922,
        "rr": 0.00002006663779974424,
        "apr": 0.007324322796906648
    },
    "11/27/2022": {
        "tvl": 20205.875187435176,
        "revenue": 1.3568715281554704,
        "volume": 443.59190763151184,
        "rr": 0.00006715232651735014,
        "apr": 0.024510599178832804
    },
    "11/28/2022": {
        "tvl": 20492.76452715757,
        "revenue": 0.7306000189724022,
        "volume": 246.89343786021496,
        "rr": 0.00003565160854721144,
        "apr": 0.013012837119732175
    },
    "11/29/2022": {
        "tvl": 20675.279644143106,
        "revenue": 1.1852586191242216,
        "volume": 396.42063162885944,
        "rr": 0.00005732733194058547,
        "apr": 0.020924476158313696
    },
    "11/30/2022": {
        "tvl": 20810.646848426422,
        "revenue": 0.6389440136439203,
        "volume": 213.0419529568792,
        "rr": 0.00003070274644981703,
        "apr": 0.011206502454183215
    },
    "12/1/2022": {
        "tvl": 20706.360685628533,
        "revenue": 3.801067305570908,
        "volume": 1288.994195952565,
        "rr": 0.0001835700325750183,
        "apr": 0.06700306188988167
    },
    "12/2/2022": {
        "tvl": 20980.48954949359,
        "revenue": 1.0050358593237851,
        "volume": 336.61550916729396,
        "rr": 0.00004790335597045417,
        "apr": 0.01748472492921577
    },
    "12/3/2022": {
        "tvl": 20654.29037097888,
        "revenue": 0.5321728917395833,
        "volume": 174.14204677005955,
        "rr": 0.000025765731099013386,
        "apr": 0.009404491851139887
    },
    "12/4/2022": {
        "tvl": 20897.432882554574,
        "revenue": 0.45249174692833793,
        "volume": 152.63980090438744,
        "rr": 0.00002165298242474957,
        "apr": 0.007903338585033594
    },
    "12/5/2022": {
        "tvl": 20836.191492106587,
        "revenue": 0.5470092193012419,
        "volume": 181.93464331447842,
        "rr": 0.00002625284085666358,
        "apr": 0.009582286912682206
    },
    "12/6/2022": {
        "tvl": 20847.936106931764,
        "revenue": 1.300272778784797,
        "volume": 436.6907322139463,
        "rr": 0.00006236937661913052,
        "apr": 0.022764822465982642
    },
    "12/7/2022": {
        "tvl": 20500.578635849502,
        "revenue": 1.7841977925153472,
        "volume": 592.7908240295416,
        "rr": 0.00008703158209375165,
        "apr": 0.03176652746421935
    },
    "12/8/2022": {
        "tvl": 20678.624378402816,
        "revenue": 0.27936865387507703,
        "volume": 93.31883999317837,
        "rr": 0.000013510021206577719,
        "apr": 0.004931157740400868
    },
    "12/9/2022": {
        "tvl": 20517.146227213867,
        "revenue": 0.23021076249051303,
        "volume": 75.670649053481,
        "rr": 0.00001122040852763248,
        "apr": 0.004095449112585855
    },
    "12/10/2022": {
        "tvl": 20707.121346420892,
        "revenue": 0.09513252038332205,
        "volume": 31.763061436270927,
        "rr": 0.000004594193407755596,
        "apr": 0.0016768805938307929
    },
    "12/11/2022": {
        "tvl": 20310.402177138138,
        "revenue": 0.4582275856031355,
        "volume": 149.43377756805793,
        "rr": 0.00002256122658757231,
        "apr": 0.008234847704463893
    },
    "12/12/2022": {
        "tvl": 20066.934167077125,
        "revenue": 0.5141839051886107,
        "volume": 167.51416651468395,
        "rr": 0.000025623441075129855,
        "apr": 0.009352555992422396
    },
    "12/13/2022": {
        "tvl": 20270.963074344294,
        "revenue": 1.8720423264703756,
        "volume": 630.9538058196246,
        "rr": 0.00009235093170485343,
        "apr": 0.033708090072271504
    },
    "12/14/2022": {
        "tvl": 20174.21384071673,
        "revenue": 0.47248374382604624,
        "volume": 156.47089836335792,
        "rr": 0.0000234201812053986,
        "apr": 0.008548366139970488
    },
    "12/15/2022": {
        "tvl": 20080.76071655117,
        "revenue": 0.5334696516053556,
        "volume": 177.4374418503716,
        "rr": 0.00002656620728345485,
        "apr": 0.009696665658461018
    },
    "12/16/2022": {
        "tvl": 19036.46126476493,
        "revenue": 5.282560245336618,
        "volume": 1708.5422815954216,
        "rr": 0.00027749696605189133,
        "apr": 0.10128639260894033
    },
    "12/17/2022": {
        "tvl": 19006.56784527544,
        "revenue": 0.7490300648843986,
        "volume": 249.38968805478655,
        "rr": 0.00003940901224155464,
        "apr": 0.014384289468167444
    },
    "12/18/2022": {
        "tvl": 18787.461498660014,
        "revenue": 0.5921806914315952,
        "volume": 195.63725989397545,
        "rr": 0.000031519994943107754,
        "apr": 0.01150479815423433
    },
    "12/19/2022": {
        "tvl": 18488.988502586635,
        "revenue": 2.8045438216553604,
        "volume": 926.0314958497406,
        "rr": 0.0001516872500225202,
        "apr": 0.05536584625821988
    },
    "12/20/2022": {
        "tvl": 18443.409577194732,
        "revenue": 0.9559506503132696,
        "volume": 318.62523096690717,
        "rr": 0.00005183155784249905,
        "apr": 0.01891851861251215
    },
    "12/21/2022": {
        "tvl": 18597.826544769832,
        "revenue": 0.334805460170445,
        "volume": 111.61256931753017,
        "rr": 0.000018002397181438415,
        "apr": 0.006570874971225022
    },
    "12/22/2022": {
        "tvl": 18604.292680360537,
        "revenue": 1.145173428297367,
        "volume": 384.4494207132799,
        "rr": 0.00006155425782492981,
        "apr": 0.02246730410609938
    },
    "12/23/2022": {
        "tvl": 18583.545207759264,
        "revenue": 0.5407343156821357,
        "volume": 181.43829544151097,
        "rr": 0.00002909747895984673,
        "apr": 0.010620579820344056
    },
    "12/24/2022": {
        "tvl": 18497.573364352826,
        "revenue": 0.4174233211321974,
        "volume": 139.52812179884128,
        "rr": 0.000022566382784923842,
        "apr": 0.008236729716497202
    },
    "12/25/2022": {
        "tvl": 18385.805778602065,
        "revenue": 1.2565528132452213,
        "volume": 419.6904486372136,
        "rr": 0.00006834363575773403,
        "apr": 0.024945427051572926
    },
    "12/26/2022": {
        "tvl": 18385.07381444441,
        "revenue": 0.32901062367537015,
        "volume": 109.54331104714592,
        "rr": 0.00001789552911214747,
        "apr": 0.006531868125933828
    },
    "12/27/2022": {
        "tvl": 18039.24759659981,
        "revenue": 1.503817175580379,
        "volume": 492.4153250696975,
        "rr": 0.00008336363074609782,
        "apr": 0.030427725222325706
    },
    "12/28/2022": {
        "tvl": 17788.915176574166,
        "revenue": 3.049826031245404,
        "volume": 1013.6078633575692,
        "rr": 0.00017144530742727095,
        "apr": 0.0625775372109539
    },
    "12/29/2022": {
        "tvl": 17561.36674895127,
        "revenue": 2.6001364209531834,
        "volume": 876.3744737617576,
        "rr": 0.00014806002619975226,
        "apr": 0.05404190956290958
    },
    "12/30/2022": {
        "tvl": 17585.88309230895,
        "revenue": 2.414201357544779,
        "volume": 812.5301637070148,
        "rr": 0.00013728064407528167,
        "apr": 0.05010743508747781
    },
    "12/31/2022": {
        "tvl": 17537.99993893309,
        "revenue": 0.294850821514983,
        "volume": 98.33760636419862,
        "rr": 0.00001681211213032539,
        "apr": 0.0061364209275687675
    },
    "1/1/2023": {
        "tvl": 17547.360999023796,
        "revenue": 0.7404985068976284,
        "volume": 246.90022230123407,
        "rr": 0.0000421999927475604,
        "apr": 0.015402997352859544
    },
    "1/2/2023": {
        "tvl": 17785.09506472956,
        "revenue": 0.5047772806536046,
        "volume": 168.6457313658231,
        "rr": 0.000028382040063122948,
        "apr": 0.010359444623039876
    },
    "1/3/2023": {
        "tvl": 18094.57748983677,
        "revenue": 0.35803102758700656,
        "volume": 120.05424600510024,
        "rr": 0.00001978664756268019,
        "apr": 0.007222126360378269
    },
    "1/4/2023": {
        "tvl": 18188.645786003854,
        "revenue": 0.32673752592948685,
        "volume": 109.24843482704286,
        "rr": 0.00001796381818490913,
        "apr": 0.006556793637491833
    },
    "1/5/2023": {
        "tvl": 18052.79521135664,
        "revenue": 0.3924531898348206,
        "volume": 130.59411934900206,
        "rr": 0.00002173919247629511,
        "apr": 0.007934805253847715
    },
    "1/6/2023": {
        "tvl": 18335.246830464854,
        "revenue": 0.6151486464066018,
        "volume": 205.77833326190998,
        "rr": 0.00003355006082517003,
        "apr": 0.01224577220118706
    },
    "1/7/2023": {
        "tvl": 18442.429293055666,
        "revenue": 0.3982378453149733,
        "volume": 133.0104159494823,
        "rr": 0.000021593567690397828,
        "apr": 0.007881652206995209
    },
    "1/8/2023": {
        "tvl": 18890.610907196216,
        "revenue": 0.5377699088824809,
        "volume": 180.11230767414432,
        "rr": 0.000028467576380900528,
        "apr": 0.010390665379028692
    },
    "1/9/2023": {
        "tvl": 18840.189940336775,
        "revenue": 9.390257646844582,
        "volume": 3398.7001674441144,
        "rr": 0.0004984162939217548,
        "apr": 0.1819219472814405
    },
    "1/10/2023": {
        "tvl": 18791.964246799995,
        "revenue": 0.9949027527136669,
        "volume": 330.01119864634137,
        "rr": 0.000052942988803476716,
        "apr": 0.019324190913269
    },
    "1/11/2023": {
        "tvl": 19312.57543310836,
        "revenue": 2.9301268105485496,
        "volume": 1065.452800153107,
        "rr": 0.0001517211839869534,
        "apr": 0.05537823215523799
    },
    "1/12/2023": {
        "tvl": 19518.708105090736,
        "revenue": 2.2652901625739643,
        "volume": 767.7529543936015,
        "rr": 0.00011605738199359346,
        "apr": 0.04236094442766161
    },
    "1/13/2023": {
        "tvl": 20463.646897724542,
        "revenue": 2.1267173538828863,
        "volume": 718.4588452815171,
        "rr": 0.00010392660528751436,
        "apr": 0.03793321092994274
    },
    "1/14/2023": {
        "tvl": 20866.50873111271,
        "revenue": 5.980540105624529,
        "volume": 2015.3649895488386,
        "rr": 0.0002866095225938458,
        "apr": 0.10461247574675371
    },
    "1/15/2023": {
        "tvl": 21136.842087015237,
        "revenue": 2.633506565675338,
        "volume": 883.6907024823777,
        "rr": 0.00012459318922069021,
        "apr": 0.04547651406555192
    },
    "1/16/2023": {
        "tvl": 20773.709826364106,
        "revenue": 2.0518615485082004,
        "volume": 681.839091289608,
        "rr": 0.00009877203280774453,
        "apr": 0.036051791974826754
    },
    "1/17/2023": {
        "tvl": 20988.6531504316,
        "revenue": 0.8701252628101801,
        "volume": 289.4621591033021,
        "rr": 0.00004145693659205985,
        "apr": 0.015131781856101846
    },
    "1/18/2023": {
        "tvl": 20479.61943048333,
        "revenue": 2.1587100306209703,
        "volume": 711.5525319733885,
        "rr": 0.00010540772195247887,
        "apr": 0.03847381851265478
    },
    "1/19/2023": {
        "tvl": 20724.591273598777,
        "revenue": 2.347327251067307,
        "volume": 783.0200908842672,
        "rr": 0.0001132628972064499,
        "apr": 0.04134095748035421
    },
    "1/20/2023": {
        "tvl": 21863.66586944273,
        "revenue": 2.713208681668569,
        "volume": 910.5191830089237,
        "rr": 0.00012409669530582358,
        "apr": 0.045295293786625605
    },
    "1/21/2023": {
        "tvl": 21716.01190051876,
        "revenue": 2.241137527347044,
        "volume": 737.8573787105217,
        "rr": 0.0001032020767723703,
        "apr": 0.03766875802191516
    },
    "1/22/2023": {
        "tvl": 21903.617165571166,
        "revenue": 1.046540522388805,
        "volume": 350.67283144098946,
        "rr": 0.000047779346875811546,
        "apr": 0.017439461609671216
    },
    "1/23/2023": {
        "tvl": 21993.629684848325,
        "revenue": 1.077975511717155,
        "volume": 361.7932486706416,
        "rr": 0.000049013079112620744,
        "apr": 0.017889773876106574
    },
    "1/24/2023": {
        "tvl": 21218.82274830475,
        "revenue": 2.0961255842611886,
        "volume": 680.2313582926022,
        "rr": 0.0000987861395104333,
        "apr": 0.03605694092130815
    },
    "1/25/2023": {
        "tvl": 21766.266425656737,
        "revenue": 1.1317035307713352,
        "volume": 378.62612298987483,
        "rr": 0.00005199346128729513,
        "apr": 0.01897761336986272
    },
    "1/26/2023": {
        "tvl": 21519.827916278275,
        "revenue": 0.4500152857637712,
        "volume": 149.04449783299418,
        "rr": 0.000020911658193296493,
        "apr": 0.007632755240553221
    },
    "1/27/2023": {
        "tvl": 22146.46139022683,
        "revenue": 0.9123117111746145,
        "volume": 306.3442845396258,
        "rr": 0.00004119446872795737,
        "apr": 0.015035981085704442
    },
    "1/28/2023": {
        "tvl": 21863.819961689987,
        "revenue": 1.3821246854331959,
        "volume": 461.8582973013423,
        "rr": 0.00006321515123409217,
        "apr": 0.023073530200443643
    },
    "1/29/2023": {
        "tvl": 22404.02266857527,
        "revenue": 1.785576171813269,
        "volume": 597.7994662561379,
        "rr": 0.000079698909353354,
        "apr": 0.029090101913974212
    },
    "1/30/2023": {
        "tvl": 21516.86177894353,
        "revenue": 2.066107626719207,
        "volume": 676.6814313329495,
        "rr": 0.00009602272152629184,
        "apr": 0.03504829335709652
    },
    "1/31/2023": {
        "tvl": 21352.097088529885,
        "revenue": 0.6671819102016596,
        "volume": 221.97782160132368,
        "rr": 0.00003124666900096021,
        "apr": 0.01140503418535048
    },
    "2/1/2023": {
        "tvl": 21795.310571422615,
        "revenue": 3.1965628647989948,
        "volume": 1092.6410998671251,
        "rr": 0.00014666287292965837,
        "apr": 0.05353194861932531
    },
    "2/2/2023": {
        "tvl": 21748.07872193583,
        "revenue": 1.282308996106312,
        "volume": 427.2078334616854,
        "rr": 0.000058961943834281455,
        "apr": 0.02152110949951273
    },
    "2/3/2023": {
        "tvl": 22138.950401498892,
        "revenue": 1.5096453608660674,
        "volume": 506.88934206462676,
        "rr": 0.00006818956334821811,
        "apr": 0.024889190622099606
    },
    "2/4/2023": {
        "tvl": 22458.830526810827,
        "revenue": 0.5138454008283745,
        "volume": 171.8813226327499,
        "rr": 0.00002287943712006544,
        "apr": 0.008350994548823886
    },
    "2/5/2023": {
        "tvl": 22500.047230321474,
        "revenue": 2.0931610978287156,
        "volume": 697.3890626948438,
        "rr": 0.00009302918684579175,
        "apr": 0.03395565319871399
    },
    "2/6/2023": {
        "tvl": 22316.16953956472,
        "revenue": 5.45462395919288,
        "volume": 1800.9525456708259,
        "rr": 0.0002444247409718896,
        "apr": 0.08921503045473972
    },
    "2/7/2023": {
        "tvl": 23241.303766978755,
        "revenue": 1.4285107606430678,
        "volume": 478.6467462988158,
        "rr": 0.0000614643126291691,
        "apr": 0.022434474109646725
    },
    "2/8/2023": {
        "tvl": 22459.62337762332,
        "revenue": 2.099854245466644,
        "volume": 684.7003846896796,
        "rr": 0.00009349463302037128,
        "apr": 0.03412554105243552
    },
    "2/9/2023": {
        "tvl": 21552.91367746509,
        "revenue": 1.9570668886719447,
        "volume": 627.6421156491718,
        "rr": 0.00009080289180196455,
        "apr": 0.03314305550771707
    },
    "2/10/2023": {
        "tvl": 21745.327729687677,
        "revenue": 0.6320436478839009,
        "volume": 211.31746234160266,
        "rr": 0.000029065721875555233,
        "apr": 0.010608988484577659
    },
    "2/11/2023": {
        "tvl": 21596.41798271419,
        "revenue": 0.2385623543187035,
        "volume": 79.39738957780904,
        "rr": 0.000011046385308417778,
        "apr": 0.004031930637572489
    },
    "2/12/2023": {
        "tvl": 21306.51645605937,
        "revenue": 0.6906166016516675,
        "volume": 226.94696770087268,
        "rr": 0.000032413398176840996,
        "apr": 0.011830890334546965
    },
    "2/13/2023": {
        "tvl": 21055.700300051987,
        "revenue": 2.1197075392778064,
        "volume": 702.68422360964,
        "rr": 0.00010067143381940009,
        "apr": 0.03674507334408104
    },
    "2/14/2023": {
        "tvl": 21361.632461508492,
        "revenue": 0.47993456825489733,
        "volume": 160.70032850021602,
        "rr": 0.00002246712975329442,
        "apr": 0.008200502359952464
    },
    "2/15/2023": {
        "tvl": 22406.66110427801,
        "revenue": 1.5438738929366265,
        "volume": 517.5825929271305,
        "rr": 0.0000689024520767113,
        "apr": 0.025149395007999623
    },
    "2/16/2023": {
        "tvl": 21951.57633678817,
        "revenue": 1.070766429687637,
        "volume": 353.71263893855706,
        "rr": 0.00004877856666234774,
        "apr": 0.017804176831756925
    },
    "2/17/2023": {
        "tvl": 22502.864470185195,
        "revenue": 0.8500358303078042,
        "volume": 285.0401327135735,
        "rr": 0.00003777456116460397,
        "apr": 0.01378771482508045
    },
    "2/18/2023": {
        "tvl": 22492.805253119146,
        "revenue": 0.5512835967857448,
        "volume": 184.75895581159364,
        "rr": 0.00002450933045398135,
        "apr": 0.008945905615703194
    },
    "2/19/2023": {
        "tvl": 22900.828510048952,
        "revenue": 1.1051027849394581,
        "volume": 372.0477961929641,
        "rr": 0.00004825601765693917,
        "apr": 0.017613446444782795
    },
    "2/20/2023": {
        "tvl": 23320.394699943467,
        "revenue": 0.9140636964866082,
        "volume": 305.71327630948906,
        "rr": 0.000039195893047591694,
        "apr": 0.014306500962370966
    },
    "2/21/2023": {
        "tvl": 23354.84796902706,
        "revenue": 4.555089529326684,
        "volume": 1514.7640134388419,
        "rr": 0.0001950382864991283,
        "apr": 0.07118897457218183
    },
    "2/22/2023": {
        "tvl": 25029.408862091816,
        "revenue": 7.228369087773956,
        "volume": 2481.510780415044,
        "rr": 0.0002887950381729411,
        "apr": 0.10541018893312351
    },
    "2/23/2023": {
        "tvl": 23835.41483152316,
        "revenue": 1.3110181021426512,
        "volume": 410.3084144894526,
        "rr": 0.000055002948822555605,
        "apr": 0.020076076320232793
    },
    "2/24/2023": {
        "tvl": 23038.68041718789,
        "revenue": 2.911665153794809,
        "volume": 943.0514253709342,
        "rr": 0.0001263815939572032,
        "apr": 0.04612928179437917
    },
    "2/25/2023": {
        "tvl": 22882.20440013132,
        "revenue": 3.139499827238702,
        "volume": 1056.4907530796256,
        "rr": 0.0001372026825886008,
        "apr": 0.05007897914483929
    },
    "2/26/2023": {
        "tvl": 22818.950911678636,
        "revenue": 0.05076048358651124,
        "volume": 16.938087185086978,
        "rr": 0.000002224488048682915,
        "apr": 0.0008119381377692641
    },
    "2/27/2023": {
        "tvl": 22609.397670663246,
        "revenue": 0.5200868537494671,
        "volume": 171.32429895160098,
        "rr": 0.00002300312734223363,
        "apr": 0.008396141479915275
    },
    "2/28/2023": {
        "tvl": 22450.173573194206,
        "revenue": 1.473693786283608,
        "volume": 491.99843626432107,
        "rr": 0.00006564286826019096,
        "apr": 0.023959646914969702
    },
    "3/1/2023": {
        "tvl": 22432.729597156173,
        "revenue": 0.5847860521770022,
        "volume": 194.1102687320286,
        "rr": 0.00002606843048877727,
        "apr": 0.009514977128403703
    },
    "3/2/2023": {
        "tvl": 21503.15087892819,
        "revenue": 2.435404544788266,
        "volume": 779.9506514866807,
        "rr": 0.00011325803174151644,
        "apr": 0.0413391815856535
    },
    "3/3/2023": {
        "tvl": 22237.007846088705,
        "revenue": 0.9409260206869519,
        "volume": 314.7605426887032,
        "rr": 0.00004231351750197149,
        "apr": 0.015444433888219594
    },
    "3/4/2023": {
        "tvl": 22258.67206838362,
        "revenue": 1.1061710837442924,
        "volume": 373.5795721976016,
        "rr": 0.000049696184945170466,
        "apr": 0.01813910750498722
    },
    "3/5/2023": {
        "tvl": 21891.305760938903,
        "revenue": 0.3468994314133257,
        "volume": 114.61823726840696,
        "rr": 0.000015846447681175114,
        "apr": 0.005783953403628916
    },
    "3/6/2023": {
        "tvl": 22184.476092336317,
        "revenue": 1.0065288232395264,
        "volume": 335.61258727814567,
        "rr": 0.000045370862897557194,
        "apr": 0.016560364957608376
    },
    "3/7/2023": {
        "tvl": 21853.984370057235,
        "revenue": 1.141790840155489,
        "volume": 377.12903542132597,
        "rr": 0.000052246346516102075,
        "apr": 0.019069916478377257
    },
    "3/8/2023": {
        "tvl": 21223.507030864075,
        "revenue": 1.7846718987035526,
        "volume": 583.2841499737702,
        "rr": 0.00008408939654074188,
        "apr": 0.03069262973737079
    },
    "3/9/2023": {
        "tvl": 20799.443420973235,
        "revenue": 2.856824164796601,
        "volume": 948.7545270751824,
        "rr": 0.00013735099093641642,
        "apr": 0.05013311169179199
    },
    "3/10/2023": {
        "tvl": 20935.479156437672,
        "revenue": 3.9496093129576293,
        "volume": 1323.3193556717183,
        "rr": 0.00018865626544511746,
        "apr": 0.06885953688746788
    },
    "3/11/2023": {
        "tvl": 20576.669279470316,
        "revenue": 5.4044840352344,
        "volume": 1772.5680265187889,
        "rr": 0.0002626510618327595,
        "apr": 0.0958676375689572
    },
    "3/12/2023": {
        "tvl": 21491.149788101982,
        "revenue": 4.82069586666462,
        "volume": 1636.4853847812203,
        "rr": 0.0002243107471771228,
        "apr": 0.08187342271964983
    },
    "3/13/2023": {
        "tvl": 21694.320712838035,
        "revenue": 1.6616356847653133,
        "volume": 558.392620131029,
        "rr": 0.00007659311885170058,
        "apr": 0.02795648838087071
    },
    "3/14/2023": {
        "tvl": 22991.6027982137,
        "revenue": 4.616604612750791,
        "volume": 1566.2636578605075,
        "rr": 0.000200795249172862,
        "apr": 0.07329026594809464
    },
    "3/15/2023": {
        "tvl": 22510.0156031473,
        "revenue": 1.447487147226752,
        "volume": 478.2924539307102,
        "rr": 0.00006430413788893009,
        "apr": 0.023471010329459484
    },
    "3/16/2023": {
        "tvl": 22930.828618623094,
        "revenue": 0.9447798466906656,
        "volume": 316.6175732226809,
        "rr": 0.00004120129553117719,
        "apr": 0.015038472868879674
    },
    "3/17/2023": {
        "tvl": 23341.25872614427,
        "revenue": 1.325441236777067,
        "volume": 447.0861147845427,
        "rr": 0.00005678533674332035,
        "apr": 0.020726647911311926
    },
    "3/18/2023": {
        "tvl": 22873.62105071106,
        "revenue": 1.1789663652351976,
        "volume": 392.8599938169502,
        "rr": 0.0000515426203232718,
        "apr": 0.018813056417994207
    },
    "3/19/2023": {
        "tvl": 23422.059132279686,
        "revenue": 0.8972895495045397,
        "volume": 302.3306813212948,
        "rr": 0.000038309592868712296,
        "apr": 0.013983001397079989
    },
    "3/20/2023": {
        "tvl": 22415.858876164497,
        "revenue": 2.0450365264985257,
        "volume": 663.5043654456076,
        "rr": 0.00009123168279191296,
        "apr": 0.03329956421904823
    },
    "3/21/2023": {
        "tvl": 22483.065985633468,
        "revenue": 0.6809789316859108,
        "volume": 227.05572589452936,
        "rr": 0.000030288526134338257,
        "apr": 0.011055312039033463
    },
    "3/22/2023": {
        "tvl": 22225.777642472225,
        "revenue": 1.5326620795559922,
        "volume": 511.48346294827394,
        "rr": 0.00006895876059819658,
        "apr": 0.025169947618341754
    },
    "3/23/2023": {
        "tvl": 22467.159956245298,
        "revenue": 0.8581623417686733,
        "volume": 286.9001081618563,
        "rr": 0.000038196298216594395,
        "apr": 0.013941648849056954
    },
    "3/24/2023": {
        "tvl": 22166.78778394593,
        "revenue": 0.6838195470931614,
        "volume": 225.77508536943776,
        "rr": 0.00003084883356840772,
        "apr": 0.011259824252468818
    },
    "3/25/2023": {
        "tvl": 21975.04298688601,
        "revenue": 4.731899682863511,
        "volume": 1562.5727433169607,
        "rr": 0.00021533062236498717,
        "apr": 0.07859567716322033
    }
}