{
    "4/19/2021": {
        "tvl": 9123.7530980111,
        "revenue": 7752.70457694424,
        "rr": 0.8497275730350773,
        "apr": 310.1505641578032
    },
    "4/20/2021": {
        "tvl": 13007.182142634416,
        "revenue": 3621.547441703502,
        "rr": 0.2784267493135919,
        "apr": 101.62576349946106
    },
    "4/22/2021": {
        "tvl": 37409.88774678221,
        "revenue": 27294.436822366424,
        "rr": 0.7296048843320612,
        "apr": 266.3057827812023
    },
    "4/23/2021": {
        "tvl": 58406.971107013705,
        "revenue": 20137.066642856902,
        "rr": 0.34477163018711604,
        "apr": 125.84164501829736
    },
    "4/24/2021": {
        "tvl": 57425.006335100355,
        "revenue": 6.220077199238776,
        "rr": 0.00010831652613047823,
        "apr": 0.039535532037624554
    },
    "4/25/2021": {
        "tvl": 58617.429088222576,
        "revenue": 3.4681050631476387,
        "rr": 0.000059165083100590144,
        "apr": 0.021595255331715402
    },
    "4/26/2021": {
        "tvl": 79016.84699061813,
        "revenue": 17398.453770013664,
        "rr": 0.22018663655459988,
        "apr": 80.36812234242896
    },
    "4/27/2021": {
        "tvl": 80231.68281678711,
        "revenue": 32.18427961837699,
        "rr": 0.00040114177452654624,
        "apr": 0.14641674770218938
    },
    "4/28/2021": {
        "tvl": 79826.00408431161,
        "revenue": 1035.4299500116972,
        "rr": 0.012971085824590242,
        "apr": 4.734446325975439
    },
    "4/29/2021": {
        "tvl": 78929.51560473701,
        "revenue": -66.71357790520261,
        "rr": -0.0008452297900735977,
        "apr": -0.3085088733768631
    },
    "4/30/2021": {
        "tvl": 82307.43290708291,
        "revenue": -237.63204068434484,
        "rr": -0.0028871273503646784,
        "apr": -1.0538014828831077
    },
    "5/1/2021": {
        "tvl": 83623.11599552902,
        "revenue": 9.70196321696708,
        "rr": 0.0001160201112032922,
        "apr": 0.04234734058920166
    },
    "5/2/2021": {
        "tvl": 83001.1845180844,
        "revenue": -39.50977263478391,
        "rr": -0.0004760145636978888,
        "apr": -0.17374531574972943
    },
    "5/3/2021": {
        "tvl": 83096.81154247769,
        "revenue": -1254.045007523333,
        "rr": -0.015091373354106208,
        "apr": -5.508351274248765
    },
    "5/4/2021": {
        "tvl": 82108.91852580458,
        "revenue": 10.42665171558062,
        "rr": 0.00012698561743087396,
        "apr": 0.046349750362269
    },
    "5/5/2021": {
        "tvl": 89081.70459642798,
        "revenue": 36.32176985457683,
        "rr": 0.0004077354605990922,
        "apr": 0.14882344311866863
    },
    "5/6/2021": {
        "tvl": 35084.67662256354,
        "revenue": -59617.863550583024,
        "rr": -1.6992564643517845,
        "apr": -620.2286094884014
    },
    "5/7/2021": {
        "tvl": 34058.972744421335,
        "revenue": -5.351432133669871,
        "rr": -0.0001571225348993065,
        "apr": -0.05734972523824688
    },
    "5/8/2021": {
        "tvl": 33562.98635703865,
        "revenue": 9.356059104084114,
        "rr": 0.00027876122239408566,
        "apr": 0.10174784617384125
    },
    "5/9/2021": {
        "tvl": 33898.219451282326,
        "revenue": 3.5344045033474827,
        "rr": 0.0001042651962421519,
        "apr": 0.03805679662838545
    },
    "5/10/2021": {
        "tvl": 30602.71578314849,
        "revenue": -298.0833667940127,
        "rr": -0.009740422023530131,
        "apr": -3.5552540385884974
    },
    "5/11/2021": {
        "tvl": 33253.007265673936,
        "revenue": 25.765385589837862,
        "rr": 0.0007748287360594506,
        "apr": 0.28281248866169945
    },
    "5/12/2021": {
        "tvl": 32263.129425255906,
        "revenue": 27.969753201959758,
        "rr": 0.0008669262312807371,
        "apr": 0.3164280744174691
    },
    "5/13/2021": {
        "tvl": 50968.647765831054,
        "revenue": 19877.20283289979,
        "rr": 0.3899888206613419,
        "apr": 142.3459195413898
    },
    "5/14/2021": {
        "tvl": 52087.31313576185,
        "revenue": 12.48166205340921,
        "rr": 0.00023962960079888652,
        "apr": 0.08746480429159358
    },
    "5/15/2021": {
        "tvl": 50047.93134211073,
        "revenue": 13.856965391608021,
        "rr": 0.00027687388909017026,
        "apr": 0.10105896951791214
    },
    "5/16/2021": {
        "tvl": 49162.78109900199,
        "revenue": 4.424528585704431,
        "rr": 0.00008999752428151891,
        "apr": 0.032849096362754404
    },
    "5/17/2021": {
        "tvl": 88443.24307582177,
        "revenue": 40747.448613106026,
        "rr": 0.46071861677633785,
        "apr": 168.16229512336332
    },
    "5/18/2021": {
        "tvl": 91226.70768465799,
        "revenue": 31.158963876290393,
        "rr": 0.00034155528207810724,
        "apr": 0.12466767795850915
    },
    "5/20/2021": {
        "tvl": 89546.63291002401,
        "revenue": 3104.4489824129814,
        "rr": 0.03466851719072805,
        "apr": 12.65400877461574
    },
    "5/21/2021": {
        "tvl": 81578.03943685556,
        "revenue": 3565.6344115105585,
        "rr": 0.04370826310762828,
        "apr": 15.953516034284322
    },
    "5/24/2021": {
        "tvl": 92681.219067396,
        "revenue": 1539.452611858918,
        "rr": 0.016610189500630736,
        "apr": 6.062719167730219
    },
    "5/25/2021": {
        "tvl": 94161.64595374417,
        "revenue": 81.41478137104464,
        "rr": 0.0008646278487000824,
        "apr": 0.31558916477553006
    },
    "5/27/2021": {
        "tvl": 98286.68109842416,
        "revenue": 32.850981643767426,
        "rr": 0.00033423635101556125,
        "apr": 0.12199626812067986
    },
    "5/28/2021": {
        "tvl": 111813.49143401673,
        "revenue": 20137.96136702369,
        "rr": 0.1801031441622363,
        "apr": 65.73764761921625
    },
    "5/31/2021": {
        "tvl": 110416.45688772066,
        "revenue": -1772.8676988231368,
        "rr": -0.01605619079614115,
        "apr": -5.860509640591521
    },
    "6/3/2021": {
        "tvl": 114620.95486900932,
        "revenue": 249.27644387338765,
        "rr": 0.0021747894541470606,
        "apr": 0.7937981507636771
    },
    "6/7/2021": {
        "tvl": 122900.62895063552,
        "revenue": 131.07873170488162,
        "rr": 0.001066542399531014,
        "apr": 0.38928797582882013
    },
    "6/8/2021": {
        "tvl": 167928.946206828,
        "revenue": 45728.836188677065,
        "rr": 0.27231062435391934,
        "apr": 99.39337788918056
    },
    "6/10/2021": {
        "tvl": 167553.08793498878,
        "revenue": 3.094291956135918,
        "rr": 0.00001846753165979558,
        "apr": 0.0067406490558253864
    },
    "6/11/2021": {
        "tvl": 168834.10017043797,
        "revenue": 1654.4972894310579,
        "rr": 0.009799544569259666,
        "apr": 3.5768337677797777
    },
    "6/14/2021": {
        "tvl": 170145.36554565793,
        "revenue": 34.60506879078835,
        "rr": 0.00020338531513808527,
        "apr": 0.07423564002540112
    },
    "6/17/2021": {
        "tvl": 172110.8216251106,
        "revenue": 1025.1194126952564,
        "rr": 0.005956158962091049,
        "apr": 2.1739980211632326
    },
    "6/18/2021": {
        "tvl": 168226.51177239997,
        "revenue": -603.1689633576026,
        "rr": -0.003585457232648637,
        "apr": -1.3086918899167526
    },
    "6/21/2021": {
        "tvl": 151918.88680754715,
        "revenue": -130.7104956796407,
        "rr": -0.0008603966131296531,
        "apr": -0.3140447637923233
    },
    "6/24/2021": {
        "tvl": 158300.89399702984,
        "revenue": 16.998314049795642,
        "rr": 0.00010737977291596709,
        "apr": 0.03919361711432799
    },
    "6/25/2021": {
        "tvl": 153556.83830884218,
        "revenue": -311.1349584501708,
        "rr": -0.0020261875789888213,
        "apr": -0.7395584663309198
    },
    "6/28/2021": {
        "tvl": 225604.39723117155,
        "revenue": 117.4283160394728,
        "rr": 0.0005205054399677625,
        "apr": 0.1899844855882333
    },
    "7/2/2021": {
        "tvl": 245454.67976772902,
        "revenue": -1659.8535238923964,
        "rr": -0.006762362508073169,
        "apr": -2.4682623154467067
    },
    "7/6/2021": {
        "tvl": 254828.4306603402,
        "revenue": 88.5864216824604,
        "rr": 0.000347631625925354,
        "apr": 0.1268855434627542
    },
    "7/9/2021": {
        "tvl": 244694.75740188872,
        "revenue": 49.06344589877959,
        "rr": 0.00020050877435922085,
        "apr": 0.07318570264111561
    },
    "7/10/2021": {
        "tvl": 244868.8497860089,
        "revenue": 10.068969991973825,
        "rr": 0.000041119848444475914,
        "apr": 0.01500874468223371
    },
    "7/13/2021": {
        "tvl": 242412.71234744322,
        "revenue": -60.59785615552355,
        "rr": -0.00024997804598906665,
        "apr": -0.09124198678600934
    },
    "7/16/2021": {
        "tvl": 239032.6109923314,
        "revenue": 6082.366937415739,
        "rr": 0.025445762032908856,
        "apr": 9.287703142011734
    },
    "7/20/2021": {
        "tvl": 219710.12984288044,
        "revenue": -1522.5869096698952,
        "rr": -0.006929980473630099,
        "apr": -2.5294428728749865
    },
    "7/23/2021": {
        "tvl": 261856.89770632668,
        "revenue": 389.06612918766103,
        "rr": 0.001485796756150376,
        "apr": 0.5423158159948872
    },
    "7/24/2021": {
        "tvl": 262134.31811990964,
        "revenue": 913.1183223799894,
        "rr": 0.003483398621474264,
        "apr": 1.2714404968381063
    },
    "7/27/2021": {
        "tvl": 276987.07782817393,
        "revenue": 474.98189511837455,
        "rr": 0.001714816080384171,
        "apr": 0.6259078693402225
    },
    "7/30/2021": {
        "tvl": 286837.81940783374,
        "revenue": 635.729617101754,
        "rr": 0.002216338202591955,
        "apr": 0.8089634439460636
    },
    "7/31/2021": {
        "tvl": 290753.62094354175,
        "revenue": 304.0124117572918,
        "rr": 0.0010456014641218331,
        "apr": 0.38164453440446916
    },
    "8/3/2021": {
        "tvl": 315102.85268082644,
        "revenue": 353.3974163733115,
        "rr": 0.0011215303618062587,
        "apr": 0.4093585820592844
    },
    "8/7/2021": {
        "tvl": 297387.42251319694,
        "revenue": -2845.792868049547,
        "rr": -0.009569311452380812,
        "apr": -3.4927986801189967
    },
    "8/8/2021": {
        "tvl": 298146.3494369444,
        "revenue": 267.7935781403485,
        "rr": 0.0008981950597284932,
        "apr": 0.32784119680089996
    },
    "8/9/2021": {
        "tvl": 278630.27987629786,
        "revenue": 30.924721322920863,
        "rr": 0.00011098837260849884,
        "apr": 0.04051075600210208
    },
    "8/10/2021": {
        "tvl": 271242.19377861597,
        "revenue": -13306.212850353873,
        "rr": -0.04905657436620726,
        "apr": -17.90564964366565
    },
    "8/11/2021": {
        "tvl": 284514.3283412155,
        "revenue": 36.50351658049855,
        "rr": 0.00012830115373563966,
        "apr": 0.04682992111350848
    },
    "8/12/2021": {
        "tvl": 272146.14252008835,
        "revenue": 43.13653620501995,
        "rr": 0.0001585050436709234,
        "apr": 0.05785434093988704
    },
    "8/13/2021": {
        "tvl": 288821.0288177709,
        "revenue": 1971.788574415693,
        "rr": 0.006827025658369826,
        "apr": 2.491864365304987
    },
    "8/14/2021": {
        "tvl": 289228.1983254702,
        "revenue": -91.44342255883312,
        "rr": -0.0003161635797901396,
        "apr": -0.11539970662340096
    },
    "8/15/2021": {
        "tvl": 314530.27853274887,
        "revenue": -44.510427638537884,
        "rr": -0.00014151396757785742,
        "apr": -0.051652598165917954
    },
    "8/17/2021": {
        "tvl": 298895.78261272854,
        "revenue": 187.77198665068863,
        "rr": 0.000628218923028365,
        "apr": 0.2292999069053532
    },
    "8/18/2021": {
        "tvl": 286298.0555926664,
        "revenue": 351.11651998263693,
        "rr": 0.001226402041941185,
        "apr": 0.44763674530853254
    },
    "8/19/2021": {
        "tvl": 289663.0132613161,
        "revenue": -3047.3225154224815,
        "rr": -0.01052023342957278,
        "apr": -3.8398852017940652
    },
    "8/20/2021": {
        "tvl": 309906.7673980806,
        "revenue": -27990.08248579737,
        "rr": -0.0903177517573975,
        "apr": -32.96597939145009
    },
    "8/21/2021": {
        "tvl": 310072.57617619674,
        "revenue": 1038.5479999147854,
        "rr": 0.00334937069482932,
        "apr": 1.2225203036127017
    },
    "8/22/2021": {
        "tvl": 311241.94044651045,
        "revenue": -4536.8717457516195,
        "rr": -0.014576672215971226,
        "apr": -5.320485358829497
    },
    "8/24/2021": {
        "tvl": 334223.9720810831,
        "revenue": 5996.3504468953515,
        "rr": 0.017941114186269768,
        "apr": 6.548506677988466
    },
    "8/26/2021": {
        "tvl": 349330.35015521874,
        "revenue": 13.77767147346495,
        "rr": 0.00003944023606120421,
        "apr": 0.014395686162339535
    },
    "8/28/2021": {
        "tvl": 402233.4456085774,
        "revenue": -9.486406829084277,
        "rr": -0.00002358433126994546,
        "apr": -0.008608280913530091
    },
    "8/29/2021": {
        "tvl": 415453.6777294541,
        "revenue": -757.9640538712093,
        "rr": -0.001824424946756158,
        "apr": -0.6659151055659976
    },
    "8/30/2021": {
        "tvl": 419647.01737229654,
        "revenue": 1183.9976864548441,
        "rr": 0.002821413324628593,
        "apr": 1.0298158634894365
    },
    "8/31/2021": {
        "tvl": 445088.2037725063,
        "revenue": 117.72741669868132,
        "rr": 0.0002645035651379658,
        "apr": 0.09654380127535753
    },
    "9/1/2021": {
        "tvl": 449351.8629606419,
        "revenue": 106.0779786264514,
        "rr": 0.00023606885243011136,
        "apr": 0.08616513113699063
    },
    "9/2/2021": {
        "tvl": 426241.5062347631,
        "revenue": 31857.848947872648,
        "rr": 0.07474131092790891,
        "apr": 27.28057848868675
    },
    "9/4/2021": {
        "tvl": 432410.3876420467,
        "revenue": -12.97747106409061,
        "rr": -0.000030011931801308806,
        "apr": -0.010954355107477713
    },
    "9/6/2021": {
        "tvl": 437178.9301331278,
        "revenue": -16.441610678088903,
        "rr": -0.00003760842425110052,
        "apr": -0.013727074851651689
    },
    "9/7/2021": {
        "tvl": 391138.07238703966,
        "revenue": 4.6753494145377745,
        "rr": 0.00001195319439502533,
        "apr": 0.004362915954184246
    },
    "9/8/2021": {
        "tvl": 363486.2710147789,
        "revenue": -10358.38182689104,
        "rr": -0.028497312423857356,
        "apr": -10.401519034707935
    },
    "9/9/2021": {
        "tvl": 473826.0610679051,
        "revenue": 43282.53080300907,
        "rr": 0.09134687675359028,
        "apr": 33.34161001506045
    },
    "9/11/2021": {
        "tvl": 464585.33541335067,
        "revenue": 3536.5562026920998,
        "rr": 0.007612285479363132,
        "apr": 2.778484199967543
    },
    "9/13/2021": {
        "tvl": 495855.0292115552,
        "revenue": 67.39792337594223,
        "rr": 0.00013592263747553337,
        "apr": 0.04961176267856968
    },
    "9/15/2021": {
        "tvl": 631239.627618489,
        "revenue": -573.7505681352632,
        "rr": -0.000908926726130744,
        "apr": -0.33175825503772155
    },
    "9/16/2021": {
        "tvl": 535919.664929129,
        "revenue": -14.267119110012784,
        "rr": -0.00002662174957117779,
        "apr": -0.009716938593479893
    },
    "9/17/2021": {
        "tvl": 514425.2180751616,
        "revenue": 1.8643422610267402,
        "rr": 0.0000036241268808760945,
        "apr": 0.0013228063115197743
    },
    "9/18/2021": {
        "tvl": 523684.0913019965,
        "revenue": 127.01741517052321,
        "rr": 0.00024254587313265395,
        "apr": 0.08852924369341869
    },
    "9/19/2021": {
        "tvl": 527879.5328902542,
        "revenue": 121.50564016763366,
        "rr": 0.00023017683504864093,
        "apr": 0.08401454479275393
    },
    "9/20/2021": {
        "tvl": 478628.4921869485,
        "revenue": -1809.6955344014505,
        "rr": -0.003781002518534976,
        "apr": -1.3800659192652664
    },
    "9/22/2021": {
        "tvl": 601158.6840581931,
        "revenue": 2829.2178959346556,
        "rr": 0.004706274684141106,
        "apr": 1.7177902597115036
    },
    "9/24/2021": {
        "tvl": 640550.7766477786,
        "revenue": 248.24257772681986,
        "rr": 0.00038754551048389673,
        "apr": 0.1414541113266223
    },
    "9/25/2021": {
        "tvl": 662988.5100260194,
        "revenue": 84.54833296055786,
        "rr": 0.00012752609084769765,
        "apr": 0.046547023159409645
    },
    "9/26/2021": {
        "tvl": 659598.914521134,
        "revenue": 8.514544690399916,
        "rr": 0.000012908669955258248,
        "apr": 0.004711664533669261
    },
    "9/27/2021": {
        "tvl": 621120.0630651128,
        "revenue": 93.30250884783942,
        "rr": 0.00015021654329987148,
        "apr": 0.05482903830445309
    },
    "9/28/2021": {
        "tvl": 628367.2880290833,
        "revenue": 28.473192228451758,
        "rr": 0.000045312976615571226,
        "apr": 0.016539236464683495
    },
    "9/29/2021": {
        "tvl": 594671.237829522,
        "revenue": 257.1250141462803,
        "rr": 0.0004323817897848153,
        "apr": 0.1578193532714576
    },
    "10/1/2021": {
        "tvl": 649702.150874506,
        "revenue": -1159.5908464116073,
        "rr": -0.0017848037671582058,
        "apr": -0.6514533750127451
    },
    "10/3/2021": {
        "tvl": 743922.1773726005,
        "revenue": 121.04542704919004,
        "rr": 0.00016271248623975795,
        "apr": 0.05939005747751165
    },
    "10/4/2021": {
        "tvl": 738878.4918171196,
        "revenue": -7.975567308116671,
        "rr": -0.000010794152755079396,
        "apr": -0.003939865755603979
    },
    "10/5/2021": {
        "tvl": 741092.2642948909,
        "revenue": 236.07968862435274,
        "rr": 0.000318556406534576,
        "apr": 0.11627308838512025
    },
    "10/6/2021": {
        "tvl": 704844.4172516755,
        "revenue": -23.325635285997578,
        "rr": -0.00003309331068684453,
        "apr": -0.012079058400698253
    },
    "10/7/2021": {
        "tvl": 718172.0774578243,
        "revenue": 88.8978780865077,
        "rr": 0.00012378353444370493,
        "apr": 0.045180990071952296
    },
    "10/8/2021": {
        "tvl": 701390.7634501453,
        "revenue": 1494.3443142919916,
        "rr": 0.002130544615303035,
        "apr": 0.7776487845856077
    },
    "10/9/2021": {
        "tvl": 701015.0254612402,
        "revenue": -494.7480675814407,
        "rr": -0.0007057595766309232,
        "apr": -0.25760224547028693
    },
    "10/10/2021": {
        "tvl": 701940.4136177264,
        "revenue": -8050.96439609463,
        "rr": -0.011469583799286913,
        "apr": -4.186398086739723
    },
    "10/12/2021": {
        "tvl": 689025.164783757,
        "revenue": 499.97463931951046,
        "rr": 0.0007256260944785987,
        "apr": 0.2648535244846885
    },
    "10/13/2021": {
        "tvl": 705327.9821439277,
        "revenue": 86.21459723880473,
        "rr": 0.00012223334309911438,
        "apr": 0.04461517023117675
    },
    "10/14/2021": {
        "tvl": 712623.0288982986,
        "revenue": 759.3880657674947,
        "rr": 0.001065623808062299,
        "apr": 0.3889526899427391
    },
    "10/15/2021": {
        "tvl": 693991.5838462422,
        "revenue": 15.092869417177685,
        "rr": 0.000021747914194477603,
        "apr": 0.007937988680984326
    },
    "10/16/2021": {
        "tvl": 701994.555494936,
        "revenue": 47.163755624830095,
        "rr": 0.00006718535814224035,
        "apr": 0.024522655721917728
    },
    "10/17/2021": {
        "tvl": 677983.8215277946,
        "revenue": 63.37006299860901,
        "rr": 0.00009346839996241871,
        "apr": 0.03411596598628283
    },
    "10/18/2021": {
        "tvl": 673139.7384206926,
        "revenue": 3.90999474544462,
        "rr": 0.000005808592959640406,
        "apr": 0.0021201364302687485
    },
    "10/19/2021": {
        "tvl": 678177.8121633909,
        "revenue": -304.74659633303776,
        "rr": -0.0004493609063394369,
        "apr": -0.16401673081389448
    },
    "10/21/2021": {
        "tvl": 677105.8269675503,
        "revenue": -3704.5705563489,
        "rr": -0.005471183984547866,
        "apr": -1.9969821543599713
    },
    "10/22/2021": {
        "tvl": 681904.9850186575,
        "revenue": -105.09471421711257,
        "rr": -0.0001541192930481907,
        "apr": -0.05625354196258961
    },
    "10/23/2021": {
        "tvl": 677165.411149201,
        "revenue": -172.53625568167195,
        "rr": -0.00025479189108147866,
        "apr": -0.09299904024473972
    },
    "10/24/2021": {
        "tvl": 673563.6733334927,
        "revenue": -547.1851427916399,
        "rr": -0.0008123732981079569,
        "apr": -0.2965162538094042
    },
    "10/25/2021": {
        "tvl": 670863.9810301907,
        "revenue": 3.8597773732829093,
        "rr": 0.0000057534425493462416,
        "apr": 0.002100006530511378
    },
    "10/26/2021": {
        "tvl": 580372.4299999204,
        "revenue": -82.51544952839451,
        "rr": -0.00014217672181362205,
        "apr": -0.051894503461972045
    },
    "10/28/2021": {
        "tvl": 549697.585274346,
        "revenue": -12.579845399957359,
        "rr": -0.000022885029399717922,
        "apr": -0.00835303573089704
    },
    "10/29/2021": {
        "tvl": 575971.904525237,
        "revenue": 0.024031142429315238,
        "rr": 4.1722768490111793e-8,
        "apr": 0.000015228810498890806
    },
    "10/30/2021": {
        "tvl": 562934.7377940591,
        "revenue": -625.1025551069974,
        "rr": -0.001110435212359699,
        "apr": -0.4053088525112901
    },
    "10/31/2021": {
        "tvl": 551699.912525889,
        "revenue": -100.81604678736056,
        "rr": -0.00018273710852297748,
        "apr": -0.06669904461088678
    },
    "11/1/2021": {
        "tvl": 555490.2505344731,
        "revenue": 78.16518368734884,
        "rr": 0.00014071387141743904,
        "apr": 0.05136056306736525
    },
    "11/2/2021": {
        "tvl": 721948.2545303078,
        "revenue": 47711.39083782104,
        "rr": 0.06608699520834992,
        "apr": 24.121753251047718
    },
    "11/3/2021": {
        "tvl": 785911.559311483,
        "revenue": 61368.85240414877,
        "rr": 0.0780862066183534,
        "apr": 28.501465415698988
    },
    "11/4/2021": {
        "tvl": 796679.6876630955,
        "revenue": 1690.1123422116539,
        "rr": 0.0021214452538249953,
        "apr": 0.7743275176461234
    },
    "11/5/2021": {
        "tvl": 792015.3858983967,
        "revenue": 2.0792705992996843,
        "rr": 0.0000026252906652073833,
        "apr": 0.0009582310928006949
    },
    "11/6/2021": {
        "tvl": 784588.8510113189,
        "revenue": 1020.5147976422854,
        "rr": 0.0013007001008577459,
        "apr": 0.4747555368130773
    },
    "11/7/2021": {
        "tvl": 804775.6610208148,
        "revenue": 19409.833632656675,
        "rr": 0.024118315914321193,
        "apr": 8.803185308727235
    },
    "11/8/2021": {
        "tvl": 738282.8156975269,
        "revenue": 41.72382110048425,
        "rr": 0.000056514685447559465,
        "apr": 0.020627860188359205
    },
    "11/9/2021": {
        "tvl": 725534.2918326816,
        "revenue": -30.852554271707177,
        "rr": -0.00004252390909570158,
        "apr": -0.015521226819931079
    },
    "11/10/2021": {
        "tvl": 750947.2982710247,
        "revenue": 17840.41301515982,
        "rr": 0.02375721046767922,
        "apr": 8.671381820702916
    },
    "11/11/2021": {
        "tvl": 718275.6086676352,
        "revenue": -1164.453458983509,
        "rr": -0.0016211791754191837,
        "apr": -0.5917303990280021
    },
    "11/13/2021": {
        "tvl": 722976.6325016802,
        "revenue": 322.41408292295347,
        "rr": 0.0004459536704627922,
        "apr": 0.16277308971891916
    },
    "11/15/2021": {
        "tvl": 700610.8274903012,
        "revenue": 70.79679495972988,
        "rr": 0.00010105010111438785,
        "apr": 0.036883286906751564
    },
    "11/16/2021": {
        "tvl": 662733.7079004605,
        "revenue": -48.140261568496186,
        "rr": -0.00007263892117545141,
        "apr": -0.026513206229039767
    },
    "11/17/2021": {
        "tvl": 674829.4459696063,
        "revenue": 20.880294277241706,
        "rr": 0.00003094158739211587,
        "apr": 0.011293679398122291
    },
    "11/18/2021": {
        "tvl": 641365.6250785174,
        "revenue": -13.467140262042165,
        "rr": -0.000020997602202945454,
        "apr": -0.007664124804075091
    },
    "11/19/2021": {
        "tvl": 648476.621735337,
        "revenue": 66.82813901787078,
        "rr": 0.00010305404509269323,
        "apr": 0.03761472645883303
    },
    "11/20/2021": {
        "tvl": 518085.4901666969,
        "revenue": 43.31870827989852,
        "rr": 0.00008361305055264235,
        "apr": 0.030518763451714462
    },
    "11/21/2021": {
        "tvl": 512532.26879742544,
        "revenue": 3.4260812595909087,
        "rr": 0.000006684615717230171,
        "apr": 0.0024398847367890124
    },
    "11/22/2021": {
        "tvl": 483914.0883729168,
        "revenue": -7259.533486869943,
        "rr": -0.015001698981897706,
        "apr": -5.475620128392663
    },
    "11/24/2021": {
        "tvl": 370155.17005102884,
        "revenue": -23.942398123254776,
        "rr": -0.0000646820578514522,
        "apr": -0.023608951115780052
    },
    "11/25/2021": {
        "tvl": 375123.05641801184,
        "revenue": 37.122643296930434,
        "rr": 0.00009896124128281644,
        "apr": 0.036120853068228
    },
    "11/26/2021": {
        "tvl": 354680.92314452236,
        "revenue": -151.40818631151961,
        "rr": -0.0004268856215021892,
        "apr": -0.15581325184829906
    },
    "11/27/2021": {
        "tvl": 358135.7608198208,
        "revenue": 0.029640737006002955,
        "rr": 8.276396899921788e-8,
        "apr": 0.000030208848684714525
    },
    "11/28/2021": {
        "tvl": 350557.674493058,
        "revenue": -8976.083829969726,
        "rr": -0.02560515567930457,
        "apr": -9.345881822946168
    },
    "11/29/2021": {
        "tvl": 387919.21868524334,
        "revenue": 115.01799666720439,
        "rr": 0.00029649986679450833,
        "apr": 0.10822245137999552
    },
    "12/1/2021": {
        "tvl": 369748.43052086973,
        "revenue": 36.40657348940265,
        "rr": 0.00009846309134596247,
        "apr": 0.035939028341276304
    },
    "12/3/2021": {
        "tvl": 363100.0394781764,
        "revenue": 34.592103170589446,
        "rr": 0.00009526879484866747,
        "apr": 0.034773110119763626
    },
    "12/5/2021": {
        "tvl": 322407.67161865474,
        "revenue": -178.8916268139372,
        "rr": -0.0005548615698745873,
        "apr": -0.20252447300422435
    },
    "12/7/2021": {
        "tvl": 361886.1132573973,
        "revenue": 349.9315206783875,
        "rr": 0.0009669658709161164,
        "apr": 0.3529425428843825
    },
    "12/9/2021": {
        "tvl": 374860.631946593,
        "revenue": 2257.2864680111998,
        "rr": 0.006021668523284139,
        "apr": 2.197909010998711
    },
    "12/11/2021": {
        "tvl": 349152.9382478726,
        "revenue": -480.7495287722707,
        "rr": -0.0013769024290180092,
        "apr": -0.5025693865915734
    },
    "12/13/2021": {
        "tvl": 336434.7055417603,
        "revenue": -88.7107805089674,
        "rr": -0.0002636790409780007,
        "apr": -0.09624284995697024
    },
    "12/14/2021": {
        "tvl": 348106.53262579656,
        "revenue": 793.8534525161741,
        "rr": 0.00228048995957666,
        "apr": 0.832378835245481
    },
    "12/15/2021": {
        "tvl": 340701.0527313095,
        "revenue": -36.12205975795567,
        "rr": -0.00010602274183884889,
        "apr": -0.03869830077117984
    },
    "12/16/2021": {
        "tvl": 342120.43168571615,
        "revenue": -79.27836735354492,
        "rr": -0.00023172649164190467,
        "apr": -0.08458016944929521
    },
    "12/17/2021": {
        "tvl": 334985.03764968715,
        "revenue": -57.725047562470436,
        "rr": -0.00017232127132447267,
        "apr": -0.06289726403343253
    },
    "12/18/2021": {
        "tvl": 341763.4182871947,
        "revenue": 181.87851145071315,
        "rr": 0.0005321766512116134,
        "apr": 0.1942444776922389
    },
    "12/19/2021": {
        "tvl": 339212.988526897,
        "revenue": -7.093206561973676,
        "rr": -0.000020910775241176353,
        "apr": -0.007632432963029369
    },
    "12/20/2021": {
        "tvl": 338071.2332881797,
        "revenue": 132.24298172809458,
        "rr": 0.0003911689866122612,
        "apr": 0.14277668011347533
    },
    "12/22/2021": {
        "tvl": 352730.20388180943,
        "revenue": -389.77270250290974,
        "rr": -0.0011050165203133901,
        "apr": -0.4033310299143874
    },
    "12/23/2021": {
        "tvl": 360958.5077125681,
        "revenue": 0.2258305156969633,
        "rr": 6.256412049353676e-7,
        "apr": 0.00022835903980140918
    },
    "12/24/2021": {
        "tvl": 357944.2937445447,
        "revenue": 8.136650739692017,
        "rr": 0.000022731611823092585,
        "apr": 0.008297038315428794
    },
    "12/25/2021": {
        "tvl": 355695.2129418745,
        "revenue": -25.08116422904277,
        "rr": -0.00007051307781626338,
        "apr": -0.025737273402936134
    },
    "12/27/2021": {
        "tvl": 376531.2768066468,
        "revenue": 26.48187754628931,
        "rr": 0.00007033114956845422,
        "apr": 0.02567086959248579
    },
    "12/29/2021": {
        "tvl": 352166.9314509922,
        "revenue": -865.4887327311789,
        "rr": -0.0024576093194361177,
        "apr": -0.897027401594183
    },
    "12/31/2021": {
        "tvl": 356624.74833325396,
        "revenue": 4.489176149644932,
        "rr": 0.000012587954623524742,
        "apr": 0.004594603437586531
    },
    "1/1/2022": {
        "tvl": 366605.11708799354,
        "revenue": 5.080574618479974,
        "rr": 0.000013858438907879513,
        "apr": 0.005058330201376022
    },
    "1/2/2022": {
        "tvl": 367555.73958871694,
        "revenue": 10.282627636472291,
        "rr": 0.000027975696007300065,
        "apr": 0.010211129042664524
    },
    "1/3/2022": {
        "tvl": 383345.89081059146,
        "revenue": 61.28255137722355,
        "rr": 0.00015986228846131764,
        "apr": 0.05834973528838094
    },
    "1/5/2022": {
        "tvl": 387801.9321530039,
        "revenue": -208.27130131338723,
        "rr": -0.0005370558629171955,
        "apr": -0.19602538996477636
    },
    "1/7/2022": {
        "tvl": 366793.45700741676,
        "revenue": -4.428612014273763,
        "rr": -0.000012073857724741841,
        "apr": -0.004406958069530772
    },
    "1/9/2022": {
        "tvl": 368468.5948865813,
        "revenue": 68.70450250666703,
        "rr": 0.00018645958830715282,
        "apr": 0.06805774973211078
    },
    "1/11/2022": {
        "tvl": 360357.91747960955,
        "revenue": -76.35062593390411,
        "rr": -0.00021187442326204566,
        "apr": -0.07733416449064666
    },
    "1/12/2022": {
        "tvl": 371032.41230391833,
        "revenue": 252.88561261802596,
        "rr": 0.0006815728336177904,
        "apr": 0.24877408427049352
    },
    "1/13/2022": {
        "tvl": 374376.8421546355,
        "revenue": 47.59411936639231,
        "rr": 0.00012712890864850467,
        "apr": 0.046402051656704205
    },
    "1/14/2022": {
        "tvl": 370762.8546020332,
        "revenue": 19.767903223537704,
        "rr": 0.00005331683845393853,
        "apr": 0.019460646035687562
    },
    "1/16/2022": {
        "tvl": 369558.58491868677,
        "revenue": 18.596128709338124,
        "rr": 0.00005031983958221345,
        "apr": 0.018366741447507908
    },
    "1/18/2022": {
        "tvl": 357436.5997786277,
        "revenue": 30.403794098491847,
        "rr": 0.00008506066283453323,
        "apr": 0.03104714193460463
    },
    "1/19/2022": {
        "tvl": 323419.3946424706,
        "revenue": 0.5709632003841646,
        "rr": 0.0000017653956746018447,
        "apr": 0.0006443694212296733
    },
    "1/20/2022": {
        "tvl": 330010.8549508044,
        "revenue": 56.44291994574818,
        "rr": 0.00017103352540983016,
        "apr": 0.062427236774588016
    },
    "1/21/2022": {
        "tvl": 299034.44299065584,
        "revenue": -88.7230337919856,
        "rr": -0.0002966983766306746,
        "apr": -0.10829490747019624
    },
    "1/22/2022": {
        "tvl": 292662.932916005,
        "revenue": -12.688580281134843,
        "rr": -0.000043355611025658985,
        "apr": -0.015824798024365528
    },
    "1/23/2022": {
        "tvl": 282969.1830848348,
        "revenue": -239.17263836885624,
        "rr": -0.0008452250374456916,
        "apr": -0.3085071386676774
    },
    "1/25/2022": {
        "tvl": 280738.591033048,
        "revenue": -938.1192333410665,
        "rr": -0.003341611247278195,
        "apr": -1.2196881052565411
    },
    "1/27/2022": {
        "tvl": 281219.63660544105,
        "revenue": 51.82173643168086,
        "rr": 0.00018427495695966706,
        "apr": 0.06726035929027847
    },
    "1/28/2022": {
        "tvl": 288725.84299126297,
        "revenue": 11.770571086693874,
        "rr": 0.00004076729316900829,
        "apr": 0.014880062006688023
    },
    "1/29/2022": {
        "tvl": 293741.56875799375,
        "revenue": 90.0191445582352,
        "rr": 0.00030645694764570315,
        "apr": 0.11185678589068164
    },
    "1/30/2022": {
        "tvl": 293063.3202363053,
        "revenue": -18.09364454389544,
        "rr": -0.00006173971048067707,
        "apr": -0.022534994325447134
    },
    "1/31/2022": {
        "tvl": 293173.45679921104,
        "revenue": -57.241592613200964,
        "rr": -0.0001952482098418775,
        "apr": -0.07126559659228529
    },
    "2/1/2022": {
        "tvl": 319010.1924448313,
        "revenue": 114.27226860264909,
        "rr": 0.0003582088325356909,
        "apr": 0.13074622387552717
    },
    "2/3/2022": {
        "tvl": 320249.2588536381,
        "revenue": 0.09591138119608164,
        "rr": 2.994897834874164e-7,
        "apr": 0.00010931377097290699
    },
    "2/5/2022": {
        "tvl": 326454.7146302865,
        "revenue": -257.843057344536,
        "rr": -0.0007898279479178179,
        "apr": -0.2882872009900035
    },
    "2/6/2022": {
        "tvl": 326696.5598965894,
        "revenue": 43.38835321553687,
        "rr": 0.00013280933606791195,
        "apr": 0.04847540766478787
    },
    "2/7/2022": {
        "tvl": 329598.7531977822,
        "revenue": 21.006616464406342,
        "rr": 0.000063733907548494,
        "apr": 0.02326287625520031
    },
    "2/8/2022": {
        "tvl": 302834.0831903617,
        "revenue": -13.550295195640206,
        "rr": -0.00004474494763894354,
        "apr": -0.016331905888214395
    },
    "2/10/2022": {
        "tvl": 292663.24850631104,
        "revenue": 129.6721068431203,
        "rr": 0.0004430761549492062,
        "apr": 0.16172279655646027
    },
    "2/11/2022": {
        "tvl": 300020.7243001104,
        "revenue": 67.39456622614011,
        "rr": 0.00022463303621227644,
        "apr": 0.0819910582174809
    },
    "2/12/2022": {
        "tvl": 267970.7567668855,
        "revenue": -287.9381746023123,
        "rr": -0.0010745134210774982,
        "apr": -0.39219739869328685
    },
    "2/13/2022": {
        "tvl": 260306.29259364036,
        "revenue": 5.793955553867156,
        "rr": 0.000022258223172929592,
        "apr": 0.0081242514581193
    },
    "2/14/2022": {
        "tvl": 266912.28243312857,
        "revenue": 12.56352707685125,
        "rr": 0.0000470698724027392,
        "apr": 0.017180503426999807
    },
    "2/15/2022": {
        "tvl": 268825.8326433637,
        "revenue": -13.091652173423276,
        "rr": -0.00004869938295993765,
        "apr": -0.01777527478037724
    },
    "2/16/2022": {
        "tvl": 266906.8597407936,
        "revenue": -46.630121902052935,
        "rr": -0.0001747055956049153,
        "apr": -0.06376754239579409
    },
    "2/17/2022": {
        "tvl": 258605.83508540448,
        "revenue": -34.29437768423891,
        "rr": -0.0001326125440012334,
        "apr": -0.048403578560450196
    },
    "2/18/2022": {
        "tvl": 259336.6852319663,
        "revenue": 11.734213679210425,
        "rr": 0.00004524702576773757,
        "apr": 0.01651516440522421
    },
    "2/19/2022": {
        "tvl": 251122.57908901258,
        "revenue": 24.939966785473107,
        "rr": 0.00009931391623941915,
        "apr": 0.03624957942738799
    },
    "2/20/2022": {
        "tvl": 251069.8801692867,
        "revenue": 10.219884295894472,
        "rr": 0.00004070533784858462,
        "apr": 0.014857448314733387
    },
    "2/21/2022": {
        "tvl": 241558.90739245465,
        "revenue": -102.64405324969243,
        "rr": -0.00042492348701896233,
        "apr": -0.15509707276192128
    },
    "2/22/2022": {
        "tvl": 234894.39285755178,
        "revenue": 18.00955006968561,
        "rr": 0.00007667083854405683,
        "apr": 0.027984856068580744
    },
    "2/23/2022": {
        "tvl": 239390.75284836622,
        "revenue": 55.857244196290075,
        "rr": 0.00023333083476148684,
        "apr": 0.0851657546879427
    },
    "2/24/2022": {
        "tvl": 232793.2169812336,
        "revenue": 139.82508795833326,
        "rr": 0.0006006407307374644,
        "apr": 0.2192338667191745
    },
    "2/26/2022": {
        "tvl": 351315.3055647786,
        "revenue": 88.35935621262313,
        "rr": 0.0002515101244182219,
        "apr": 0.091801195412651
    },
    "2/28/2022": {
        "tvl": 345579.1985476351,
        "revenue": 107.43504236942172,
        "rr": 0.00031088399655111975,
        "apr": 0.11347265874115872
    },
    "3/1/2022": {
        "tvl": 356261.5697534248,
        "revenue": 14.001506052750624,
        "rr": 0.00003930119676517825,
        "apr": 0.014344936819290062
    },
    "3/2/2022": {
        "tvl": 355941.2024166829,
        "revenue": 32.53390642285085,
        "rr": 0.00009140247378488371,
        "apr": 0.03336190293148256
    },
    "3/3/2022": {
        "tvl": 344521.2094636122,
        "revenue": -28.195544181093172,
        "rr": -0.00008183979217126005,
        "apr": -0.02987152414250992
    },
    "3/4/2022": {
        "tvl": 343865.08061951806,
        "revenue": 34.38830229164696,
        "rr": 0.00010000521783046978,
        "apr": 0.03650190450812147
    },
    "3/5/2022": {
        "tvl": 333738.4871214154,
        "revenue": 15.330642514369458,
        "rr": 0.000045936093995632304,
        "apr": 0.01676667430840579
    },
    "3/6/2022": {
        "tvl": 332135.1160772633,
        "revenue": -45.51436221921958,
        "rr": -0.0001370356822150409,
        "apr": -0.050018024008489925
    },
    "3/7/2022": {
        "tvl": 330915.7558387355,
        "revenue": 72.5633693759363,
        "rr": 0.00021928049086698207,
        "apr": 0.08003737916644844
    },
    "3/9/2022": {
        "tvl": 337202.2021120421,
        "revenue": 56.4976240140855,
        "rr": 0.00016754820597320136,
        "apr": 0.0611550951802185
    },
    "3/10/2022": {
        "tvl": 330216.3374897145,
        "revenue": -7.961900154568909,
        "rr": -0.0000241111636543934,
        "apr": -0.008800574733853591
    },
    "3/11/2022": {
        "tvl": 336027.2855917488,
        "revenue": 53.38672119156125,
        "rr": 0.00015887614929111033,
        "apr": 0.05798979449125528
    },
    "3/12/2022": {
        "tvl": 334905.5047241067,
        "revenue": 53.65754539479834,
        "rr": 0.00016021697057204577,
        "apr": 0.058479194258796705
    },
    "3/13/2022": {
        "tvl": 331571.93213517824,
        "revenue": 15.181602574466702,
        "rr": 0.00004578675425481228,
        "apr": 0.016712165303006482
    },
    "3/14/2022": {
        "tvl": 327682.35618138587,
        "revenue": 25.049263777541906,
        "rr": 0.00007644373676218347,
        "apr": 0.027901963918196968
    },
    "3/15/2022": {
        "tvl": 327453.6711978117,
        "revenue": 1.182048444795237,
        "rr": 0.0000036098188805498917,
        "apr": 0.0013175838914007104
    },
    "3/16/2022": {
        "tvl": 336596.60648410994,
        "revenue": 78.81870296663597,
        "rr": 0.0002341636886655803,
        "apr": 0.0854697463629368
    },
    "3/18/2022": {
        "tvl": 341537.8847289912,
        "revenue": 124.4684974445951,
        "rr": 0.0003644354052943799,
        "apr": 0.13301892293244866
    },
    "3/19/2022": {
        "tvl": 349814.5245654954,
        "revenue": -1.1593097246732085,
        "rr": -0.0000033140697234146782,
        "apr": -0.0012096354490463575
    },
    "3/20/2022": {
        "tvl": 351110.5774405168,
        "revenue": 90.42814048353542,
        "rr": 0.0002575488928380554,
        "apr": 0.09400534588589023
    },
    "3/21/2022": {
        "tvl": 347709.6028026262,
        "revenue": 17.05282595553428,
        "rr": 0.00004904329882776963,
        "apr": 0.017900804072135915
    },
    "3/22/2022": {
        "tvl": 350348.22010245663,
        "revenue": 66.63588848260713,
        "rr": 0.00019019902102862112,
        "apr": 0.0694226426754467
    },
    "3/23/2022": {
        "tvl": 355437.53583695705,
        "revenue": 86.55247127153564,
        "rr": 0.00024350965372221738,
        "apr": 0.08888102360860933
    },
    "3/24/2022": {
        "tvl": 353867.9525797274,
        "revenue": -6.280014907258838,
        "rr": -0.000017746774924027442,
        "apr": -0.006477572847270016
    },
    "3/25/2022": {
        "tvl": 357362.0713656948,
        "revenue": 23.3689986858331,
        "rr": 0.00006539305807280034,
        "apr": 0.023868466196572125
    },
    "3/26/2022": {
        "tvl": 368617.7780733634,
        "revenue": 101.21546640225655,
        "rr": 0.0002745810767220032,
        "apr": 0.10022209300353117
    },
    "3/27/2022": {
        "tvl": 374346.57666067115,
        "revenue": 88.47396037094455,
        "rr": 0.00023634237865928807,
        "apr": 0.08626496821064014
    },
    "3/28/2022": {
        "tvl": 376838.752463804,
        "revenue": -12.518802635954366,
        "rr": -0.00003322058189107507,
        "apr": -0.012125512390242397
    },
    "3/29/2022": {
        "tvl": 370622.12944281934,
        "revenue": 15.499247300914407,
        "rr": 0.00004181954090063496,
        "apr": 0.015264132428731758
    },
    "3/30/2022": {
        "tvl": 375958.70781357784,
        "revenue": 11.145658575574972,
        "rr": 0.000029645964686902895,
        "apr": 0.010820777110719557
    },
    "3/31/2022": {
        "tvl": 361164.00063829095,
        "revenue": -61.006075153944344,
        "rr": -0.00016891516055345308,
        "apr": -0.06165403360201037
    },
    "4/2/2022": {
        "tvl": 382910.9394783769,
        "revenue": 61.627364283924756,
        "rr": 0.00016094438139551998,
        "apr": 0.05874469920936479
    },
    "4/3/2022": {
        "tvl": 382590.5375166388,
        "revenue": 26.469926121792106,
        "rr": 0.00006918604493881643,
        "apr": 0.025252906402667998
    },
    "4/4/2022": {
        "tvl": 374525.5255635791,
        "revenue": 179.40476205213523,
        "rr": 0.000479018784586632,
        "apr": 0.17484185637412067
    },
    "4/5/2022": {
        "tvl": 365339.8637131615,
        "revenue": 2805.371182341839,
        "rr": 0.007678798458589271,
        "apr": 2.802761437385084
    },
    "4/6/2022": {
        "tvl": 353851.190776685,
        "revenue": -90.57399330100985,
        "rr": -0.0002559663374375105,
        "apr": -0.09342771316469131
    },
    "4/7/2022": {
        "tvl": 352966.41338605515,
        "revenue": 85.86589524389696,
        "rr": 0.00024326930831796052,
        "apr": 0.08879329753605558
    },
    "4/8/2022": {
        "tvl": 347184.69021069224,
        "revenue": -24.062438832201718,
        "rr": -0.00006930731541646956,
        "apr": -0.02529717012701139
    },
    "4/9/2022": {
        "tvl": 344395.44391697535,
        "revenue": 82.72755385163066,
        "rr": 0.0002402109415581412,
        "apr": 0.08767699366872155
    },
    "4/10/2022": {
        "tvl": 341333.4981943662,
        "revenue": -2.997771650613226,
        "rr": -0.000008782529890770343,
        "apr": -0.003205623410131175
    },
    "4/11/2022": {
        "tvl": 332970.6611018213,
        "revenue": -109.00164898490054,
        "rr": -0.00032736112131983967,
        "apr": -0.11948680928174149
    },
    "4/12/2022": {
        "tvl": 338017.7142938188,
        "revenue": 14.472194533081357,
        "rr": 0.00004281489969635596,
        "apr": 0.015627438389169922
    },
    "4/13/2022": {
        "tvl": 340584.3844555422,
        "revenue": 55.22558939578855,
        "rr": 0.00016214950513386607,
        "apr": 0.05918456937386111
    },
    "4/14/2022": {
        "tvl": 344513.2594898309,
        "revenue": 79.82841860966064,
        "rr": 0.00023171363194517908,
        "apr": 0.08457547565999037
    },
    "4/15/2022": {
        "tvl": 342892.0148728602,
        "revenue": -51.694878696792486,
        "rr": -0.00015076139558385532,
        "apr": -0.0550279093881072
    },
    "4/16/2022": {
        "tvl": 347375.8526416577,
        "revenue": 50.86028151400253,
        "rr": 0.000146412829582799,
        "apr": 0.053440682797721635
    },
    "4/17/2022": {
        "tvl": 338223.34434349183,
        "revenue": -36.45993815827535,
        "rr": -0.0001077984082649466,
        "apr": -0.03934641901670551
    },
    "4/18/2022": {
        "tvl": 340503.5287996409,
        "revenue": 79.41188651962347,
        "rr": 0.0002332189824862315,
        "apr": 0.08512492860747449
    },
    "4/19/2022": {
        "tvl": 343006.0161608301,
        "revenue": 0.04544767875799825,
        "rr": 1.3249819716482335e-7,
        "apr": 0.00004836184196516053
    },
    "4/20/2022": {
        "tvl": 341055.6518447231,
        "revenue": 12.207111670724496,
        "rr": 0.00003579214009413979,
        "apr": 0.013064131134361025
    },
    "4/21/2022": {
        "tvl": 338351.9536557325,
        "revenue": 57.732029929700616,
        "rr": 0.00017062715112454175,
        "apr": 0.06227891016045774
    },
    "4/22/2022": {
        "tvl": 336595.7399586421,
        "revenue": 1987.5700201621503,
        "rr": 0.0059049173361682035,
        "apr": 2.155294827701394
    },
    "4/23/2022": {
        "tvl": 335937.8152020265,
        "revenue": -19.511624155192614,
        "rr": -0.000058081059268241954,
        "apr": -0.021199586632908312
    },
    "4/24/2022": {
        "tvl": 328825.3699937519,
        "revenue": -196.31059918883489,
        "rr": -0.0005970056361300985,
        "apr": -0.21790705718748596
    },
    "4/25/2022": {
        "tvl": 330831.64261833066,
        "revenue": 115.74484046628028,
        "rr": 0.00034986024779924457,
        "apr": 0.12769899044672428
    },
    "4/26/2022": {
        "tvl": 329755.0978467395,
        "revenue": -278.609158606856,
        "rr": -0.0008448971992431345,
        "apr": -0.3083874777237441
    },
    "4/27/2022": {
        "tvl": 323364.3803313955,
        "revenue": 61.94565901803789,
        "rr": 0.00019156611793344012,
        "apr": 0.06992163304570563
    },
    "4/28/2022": {
        "tvl": 321088.14490816044,
        "revenue": 11.403332959134742,
        "rr": 0.000035514649606251866,
        "apr": 0.01296284710628193
    },
    "4/29/2022": {
        "tvl": 316152.0742628474,
        "revenue": 7.241295715956092,
        "rr": 0.000022904470049232416,
        "apr": 0.008360131567969832
    },
    "4/30/2022": {
        "tvl": 307348.77505053487,
        "revenue": 54.882020236665966,
        "rr": 0.00017856593125397088,
        "apr": 0.06517656490769937
    },
    "5/2/2022": {
        "tvl": 307144.5106033179,
        "revenue": 27.995088131392865,
        "rr": 0.0000911463078939704,
        "apr": 0.03326840238129919
    },
    "5/3/2022": {
        "tvl": 301569.78894795117,
        "revenue": 8.525898355284273,
        "rr": 0.000028271725709088794,
        "apr": 0.01031917988381741
    },
    "5/4/2022": {
        "tvl": 317846.77396798134,
        "revenue": 116.03603515814436,
        "rr": 0.00036506909826252755,
        "apr": 0.13325022086582256
    },
    "5/6/2022": {
        "tvl": 308262.1544822779,
        "revenue": 37.401897811482804,
        "rr": 0.00012133146176928135,
        "apr": 0.04428598354578769
    },
    "5/7/2022": {
        "tvl": 312626.12082810875,
        "revenue": 96.73620186566052,
        "rr": 0.00030943096376405795,
        "apr": 0.11294230177388115
    },
    "5/8/2022": {
        "tvl": 312142.58468911995,
        "revenue": 30.958555783443824,
        "rr": 0.00009918081448027081,
        "apr": 0.036200997285298846
    },
    "5/9/2022": {
        "tvl": 281602.3382982316,
        "revenue": 95.38425014407206,
        "rr": 0.0003387196666067991,
        "apr": 0.12363267831148167
    },
    "5/11/2022": {
        "tvl": 259174.28968858923,
        "revenue": -74.22872008541505,
        "rr": -0.0002864046436650971,
        "apr": -0.10453769493776045
    },
    "5/13/2022": {
        "tvl": 262681.3185789606,
        "revenue": 9.477324390274212,
        "rr": 0.00003607917168051439,
        "apr": 0.01316889766338775
    },
    "5/14/2022": {
        "tvl": 259036.3405454499,
        "revenue": 5.267301536384776,
        "rr": 0.0000203342184548063,
        "apr": 0.0074219897360042995
    },
    "5/15/2022": {
        "tvl": 228640.12852073228,
        "revenue": -35936.48535713733,
        "rr": -0.15717488259668616,
        "apr": -57.36883214779045
    },
    "5/16/2022": {
        "tvl": 228818.8022620468,
        "revenue": 36.6054889533329,
        "rr": 0.00015997587869292197,
        "apr": 0.058391195722916525
    },
    "5/17/2022": {
        "tvl": 227835.580620182,
        "revenue": 41.01322355059943,
        "rr": 0.0001800123731287229,
        "apr": 0.06570451619198385
    },
    "5/18/2022": {
        "tvl": 218667.2486119551,
        "revenue": 34.355300164052935,
        "rr": 0.00015711223506095117,
        "apr": 0.05734596579724717
    },
    "5/19/2022": {
        "tvl": 222938.55617800436,
        "revenue": 41.54899307510865,
        "rr": 0.00018636970557005863,
        "apr": 0.0680249425330714
    },
    "5/20/2022": {
        "tvl": 224025.15993730316,
        "revenue": 45.00996986729321,
        "rr": 0.00020091479849803447,
        "apr": 0.07333390145178258
    },
    "5/21/2022": {
        "tvl": 227216.90950249316,
        "revenue": 60.11418809940802,
        "rr": 0.0002645674049129183,
        "apr": 0.09656710279321518
    },
    "5/22/2022": {
        "tvl": 236105.4416385555,
        "revenue": 117.62328788162795,
        "rr": 0.0004981811815319903,
        "apr": 0.18183613125917641
    },
    "5/23/2022": {
        "tvl": 238777.1480669234,
        "revenue": 89.68948417980349,
        "rr": 0.00037562004951439374,
        "apr": 0.13710131807275372
    },
    "5/24/2022": {
        "tvl": 239323.75218506425,
        "revenue": 84.061491191778,
        "rr": 0.0003512459186532181,
        "apr": 0.1282047603084246
    },
    "5/25/2022": {
        "tvl": 250458.74131303254,
        "revenue": 86.37901129071953,
        "rr": 0.0003448831964812914,
        "apr": 0.12588236671567135
    },
    "5/26/2022": {
        "tvl": 243037.85495642578,
        "revenue": -11.671115722912774,
        "rr": -0.00004802180189174763,
        "apr": -0.017527957690487886
    },
    "5/27/2022": {
        "tvl": 230367.2873305369,
        "revenue": 31.018492045421972,
        "rr": 0.00013464798932548024,
        "apr": 0.04914651610380029
    },
    "5/28/2022": {
        "tvl": 236246.8397054639,
        "revenue": 74.43979385626778,
        "rr": 0.00031509328949785794,
        "apr": 0.11500905066671815
    },
    "5/29/2022": {
        "tvl": 243311.45952891058,
        "revenue": -1389.7156788633151,
        "rr": -0.00571167375985506,
        "apr": -2.084760922347097
    },
    "5/30/2022": {
        "tvl": 245356.08484296888,
        "revenue": 52.90767088707942,
        "rr": 0.00021563626971363284,
        "apr": 0.07870723844547599
    },
    "5/31/2022": {
        "tvl": 244119.87286296545,
        "revenue": 0.3292205016872883,
        "rr": 0.0000013486018070806276,
        "apr": 0.0004922396595844291
    },
    "6/1/2022": {
        "tvl": 231150.1509048546,
        "revenue": 29.70854157468587,
        "rr": 0.0001285248634205496,
        "apr": 0.046911575148500605
    },
    "6/2/2022": {
        "tvl": 238589.8781857184,
        "revenue": 60.483662006170675,
        "rr": 0.00025350472730067025,
        "apr": 0.09252922546474464
    },
    "6/3/2022": {
        "tvl": 229788.7818091766,
        "revenue": 9.639296085860147,
        "rr": 0.00004194850597130065,
        "apr": 0.015311204679524739
    },
    "6/4/2022": {
        "tvl": 231923.62787011635,
        "revenue": 28.839871146455945,
        "rr": 0.00012435072446610344,
        "apr": 0.04538801443012775
    },
    "6/5/2022": {
        "tvl": 243146.72624245664,
        "revenue": 149.7476267111265,
        "rr": 0.0006158735057851606,
        "apr": 0.22479382961158362
    },
    "6/6/2022": {
        "tvl": 245364.7903654007,
        "revenue": 48.761765345145555,
        "rr": 0.0001987317140023589,
        "apr": 0.07253707561086101
    },
    "6/7/2022": {
        "tvl": 241596.17140360473,
        "revenue": 21.458405212876887,
        "rr": 0.00008881930987651702,
        "apr": 0.03241904810492871
    },
    "6/8/2022": {
        "tvl": 244189.96149292207,
        "revenue": 3.697771121472627,
        "rr": 0.000015143010379563896,
        "apr": 0.005527198788540823
    },
    "6/9/2022": {
        "tvl": 253495.79125122627,
        "revenue": 129.70812507566106,
        "rr": 0.0005116776276065041,
        "apr": 0.186762334076374
    },
    "6/10/2022": {
        "tvl": 241416.13054094816,
        "revenue": 8.354561961566299,
        "rr": 0.00003460647779767652,
        "apr": 0.01263136439615193
    },
    "6/11/2022": {
        "tvl": 228349.97308098915,
        "revenue": -61.414670085717084,
        "rr": -0.0002689497583778347,
        "apr": -0.09816666180790964
    },
    "6/12/2022": {
        "tvl": 207593.7152813056,
        "revenue": -42.249117929765255,
        "rr": -0.00020351828990831645,
        "apr": -0.0742841758165355
    },
    "6/14/2022": {
        "tvl": 200696.62403602526,
        "revenue": 29.69263504438971,
        "rr": 0.0001479478550623744,
        "apr": 0.05400096709776665
    },
    "6/15/2022": {
        "tvl": 197055.97090658368,
        "revenue": -16.373490875862345,
        "rr": -0.00008309055950212419,
        "apr": -0.03032805421827533
    },
    "6/16/2022": {
        "tvl": 198618.93661026098,
        "revenue": 18.955549147725062,
        "rr": 0.00009543676686236869,
        "apr": 0.034834419904764574
    },
    "6/18/2022": {
        "tvl": 192238.3304925171,
        "revenue": 11.18617238630651,
        "rr": 0.000058189084131387276,
        "apr": 0.021239015707956357
    },
    "6/19/2022": {
        "tvl": 197120.89573299122,
        "revenue": -1.2704330885387258,
        "rr": -0.000006444943768212085,
        "apr": -0.002352404475397411
    },
    "6/20/2022": {
        "tvl": 203832.08399166813,
        "revenue": 88.08002806171781,
        "rr": 0.00043212052949092244,
        "apr": 0.1577239932641867
    },
    "6/21/2022": {
        "tvl": 199239.4953663935,
        "revenue": -3.503856467289634,
        "rr": -0.00001758615409483035,
        "apr": -0.006418946244613078
    },
    "6/22/2022": {
        "tvl": 199909.55922944527,
        "revenue": 21.293611995891677,
        "rr": 0.00010651622702770323,
        "apr": 0.03887842286511168
    },
    "6/23/2022": {
        "tvl": 204776.34450389686,
        "revenue": 93.55116120934325,
        "rr": 0.00045684554744829416,
        "apr": 0.16674862481862737
    },
    "6/25/2022": {
        "tvl": 211272.89578119264,
        "revenue": -252.9452230175686,
        "rr": -0.0011972440765877247,
        "apr": -0.43699408795451955
    },
    "6/27/2022": {
        "tvl": 214246.7534285128,
        "revenue": 429.62147571640367,
        "rr": 0.0020052648119111612,
        "apr": 0.7319216563475739
    },
    "6/29/2022": {
        "tvl": 205963.8192047536,
        "revenue": -408.80387018369674,
        "rr": -0.0019848334127912774,
        "apr": -0.7244641956688163
    },
    "7/1/2022": {
        "tvl": 132951.5090883106,
        "revenue": -70644.18581963428,
        "rr": -0.5313530196389887,
        "apr": -193.94385216823088
    },
    "7/2/2022": {
        "tvl": 134370.17875866446,
        "revenue": 21.65943758273685,
        "rr": 0.00016119229566285149,
        "apr": 0.05883518791694079
    },
    "7/3/2022": {
        "tvl": 134462.4559704115,
        "revenue": 19.963499278646022,
        "rr": 0.00014846894722076915,
        "apr": 0.05419116573558074
    },
    "7/4/2022": {
        "tvl": 138260.54670021514,
        "revenue": 15.059522772099115,
        "rr": 0.00010892133100523666,
        "apr": 0.03975628581691138
    },
    "7/5/2022": {
        "tvl": 135909.76240173168,
        "revenue": 15.025127999872074,
        "rr": 0.00011055223505916917,
        "apr": 0.040351565796596746
    },
    "7/6/2022": {
        "tvl": 138517.8828467578,
        "revenue": 37.60182809782767,
        "rr": 0.00027145829350731944,
        "apr": 0.0990822771301716
    },
    "7/7/2022": {
        "tvl": 140213.73572439118,
        "revenue": 34.089179746424854,
        "rr": 0.0002431229691606797,
        "apr": 0.0887398837436481
    },
    "7/8/2022": {
        "tvl": 140186.68276388044,
        "revenue": 43.67276048822412,
        "rr": 0.0003115328762132358,
        "apr": 0.11370949981783106
    },
    "7/9/2022": {
        "tvl": 142043.16778612314,
        "revenue": -15.190444722316354,
        "rr": -0.00010694245248873124,
        "apr": -0.0390339951583869
    },
    "7/10/2022": {
        "tvl": 143175.57497991176,
        "revenue": 51.63395424319204,
        "rr": 0.0003606338179569842,
        "apr": 0.13163134355429923
    },
    "7/11/2022": {
        "tvl": 140185.2131325352,
        "revenue": 2.2086768133359533,
        "rr": 0.000015755419305514098,
        "apr": 0.005750728046512645
    },
    "7/12/2022": {
        "tvl": 135690.4122842221,
        "revenue": -1.8286695456444024,
        "rr": -0.000013476777871482948,
        "apr": -0.004919023923091276
    },
    "7/13/2022": {
        "tvl": 137580.8403612151,
        "revenue": 39.842389277604134,
        "rr": 0.0002895925709786256,
        "apr": 0.10570128840719833
    },
    "7/14/2022": {
        "tvl": 137956.16784446553,
        "revenue": 24.343977835385353,
        "rr": 0.0001764616850102072,
        "apr": 0.06440851502872563
    },
    "7/15/2022": {
        "tvl": 139378.1263983054,
        "revenue": 8.065235368710592,
        "rr": 0.00005786586157473739,
        "apr": 0.021121039474779148
    },
    "7/16/2022": {
        "tvl": 140586.0689159659,
        "revenue": 18.474108875992147,
        "rr": 0.00013140782026585353,
        "apr": 0.04796385439703654
    },
    "7/17/2022": {
        "tvl": 142419.54179111103,
        "revenue": 37.16542274565223,
        "rr": 0.0002609573256468086,
        "apr": 0.09524942386108515
    },
    "7/18/2022": {
        "tvl": 145214.19148570384,
        "revenue": 0.17717050109050136,
        "rr": 0.0000012200632684577774,
        "apr": 0.0004453230929870887
    },
    "7/19/2022": {
        "tvl": 148163.2012774106,
        "revenue": 49.78929649927869,
        "rr": 0.0003360436064421734,
        "apr": 0.12265591635139328
    },
    "7/20/2022": {
        "tvl": 140627.81231025935,
        "revenue": -21.508743931737335,
        "rr": -0.00015294800920520463,
        "apr": -0.05582602335989969
    },
    "7/21/2022": {
        "tvl": 144219.7707554666,
        "revenue": 33.452127981959535,
        "rr": 0.00023195244179578995,
        "apr": 0.08466264125546333
    },
    "7/22/2022": {
        "tvl": 149009.53972510755,
        "revenue": 4547.407369151499,
        "rr": 0.03051755865792583,
        "apr": 11.138908910142927
    },
    "7/23/2022": {
        "tvl": 149525.16563082294,
        "revenue": 5.27891402514288,
        "rr": 0.000035304518827128394,
        "apr": 0.012886149371901863
    },
    "7/24/2022": {
        "tvl": 145386.10502056475,
        "revenue": -21.776308566743314,
        "rr": -0.0001497825983003195,
        "apr": -0.05467064837961662
    },
    "7/25/2022": {
        "tvl": 139572.4090176101,
        "revenue": -4334.323963608372,
        "rr": -0.031054303598510666,
        "apr": -11.334820813456393
    },
    "7/26/2022": {
        "tvl": 141760.2566148963,
        "revenue": -263.8077052525743,
        "rr": -0.0018609426333731196,
        "apr": -0.6792440611811886
    },
    "7/27/2022": {
        "tvl": 146704.83276868725,
        "revenue": 27.699241601314245,
        "rr": 0.00018880933285264195,
        "apr": 0.0689154064912143
    },
    "7/28/2022": {
        "tvl": 149170.09574067616,
        "revenue": 53.26852492660649,
        "rr": 0.0003570992206052534,
        "apr": 0.13034121552091749
    },
    "7/29/2022": {
        "tvl": 152401.2223716095,
        "revenue": 13.258827734110154,
        "rr": 0.00008699948417592295,
        "apr": 0.03175481172421187
    },
    "7/30/2022": {
        "tvl": 157321.71471310226,
        "revenue": 56.2076578348937,
        "rr": 0.00035727844650940957,
        "apr": 0.1304066329759345
    },
    "7/31/2022": {
        "tvl": 154617.2425478091,
        "revenue": -2.86988943530526,
        "rr": -0.000018561250918815626,
        "apr": -0.006774856585367703
    },
    "8/1/2022": {
        "tvl": 151162.71077602045,
        "revenue": -7.417619665168032,
        "rr": -0.00004907043295987729,
        "apr": -0.017910708030355212
    },
    "8/2/2022": {
        "tvl": 150975.8874704217,
        "revenue": 18.51050173968479,
        "rr": 0.00012260568260154297,
        "apr": 0.04475107414956318
    },
    "8/3/2022": {
        "tvl": 154620.95217304357,
        "revenue": 19.47578663500971,
        "rr": 0.00012595826349079422,
        "apr": 0.04597476617413989
    },
    "8/4/2022": {
        "tvl": 157349.31085887025,
        "revenue": 59.59985148618883,
        "rr": 0.00037877415007966025,
        "apr": 0.138252564779076
    },
    "8/5/2022": {
        "tvl": 158141.97357421205,
        "revenue": 3.635903402972672,
        "rr": 0.000022991387553832658,
        "apr": 0.008391856457148919
    },
    "8/6/2022": {
        "tvl": 158496.6403484464,
        "revenue": 14.866033860060126,
        "rr": 0.00009379399984364302,
        "apr": 0.0342348099429297
    },
    "8/7/2022": {
        "tvl": 160923.42933186094,
        "revenue": 43.319598482126636,
        "rr": 0.000269193856121421,
        "apr": 0.09825575748431867
    },
    "8/8/2022": {
        "tvl": 159428.05184130816,
        "revenue": 14.918555524980142,
        "rr": 0.0000935754740315701,
        "apr": 0.03415504802152308
    },
    "8/9/2022": {
        "tvl": 155017.00320588425,
        "revenue": 4.620193053267389,
        "rr": 0.000029804427628697784,
        "apr": 0.01087861608447469
    },
    "8/10/2022": {
        "tvl": 160883.23606124456,
        "revenue": 45.74203758452134,
        "rr": 0.00028431823417020524,
        "apr": 0.10377615547212492
    },
    "8/11/2022": {
        "tvl": 160454.70503693726,
        "revenue": 14.439889057126507,
        "rr": 0.00008999355334455535,
        "apr": 0.0328476469707627
    },
    "8/12/2022": {
        "tvl": 161566.98997563272,
        "revenue": 12.271802583696324,
        "rr": 0.0000759548877251915,
        "apr": 0.0277235340196949
    },
    "8/13/2022": {
        "tvl": 160838.59961796986,
        "revenue": 4.560213538120615,
        "rr": 0.00002835273092996465,
        "apr": 0.010348746789437098
    },
    "8/14/2022": {
        "tvl": 158263.5895533675,
        "revenue": -9.099733903619216,
        "rr": -0.00005749733043019808,
        "apr": -0.0209865256070223
    },
    "8/16/2022": {
        "tvl": 164200.77731438476,
        "revenue": 126.76966779963931,
        "rr": 0.0007720406070728978,
        "apr": 0.2817948215816077
    },
    "8/17/2022": {
        "tvl": 158910.09528763412,
        "revenue": 8.75592549427887,
        "rr": 0.00005509986938482585,
        "apr": 0.020111452325461434
    },
    "8/18/2022": {
        "tvl": 152551.49860808064,
        "revenue": -42.42005069902262,
        "rr": -0.0002780703636875032,
        "apr": -0.10149568274593866
    },
    "8/19/2022": {
        "tvl": 146955.4821624805,
        "revenue": 325.33349289256586,
        "rr": 0.0022138234525532208,
        "apr": 0.8080455601819256
    },
    "8/20/2022": {
        "tvl": 146595.1557605531,
        "revenue": 4.670452282840822,
        "rr": 0.000031859526725900046,
        "apr": 0.011628727254953517
    },
    "8/21/2022": {
        "tvl": 148022.2473513429,
        "revenue": 25.275661599567755,
        "rr": 0.0001707558292881063,
        "apr": 0.0623258776901588
    },
    "8/22/2022": {
        "tvl": 145681.14729593438,
        "revenue": -12.629737855068601,
        "rr": -0.00008669438763694489,
        "apr": -0.03164345148748488
    },
    "8/23/2022": {
        "tvl": 145031.3576094524,
        "revenue": 15.993917754163652,
        "rr": 0.00011027903218856204,
        "apr": 0.04025184674882514
    },
    "8/24/2022": {
        "tvl": 147751.26914673406,
        "revenue": 18.462421747243376,
        "rr": 0.0001249560958350081,
        "apr": 0.04560897497977796
    },
    "8/25/2022": {
        "tvl": 149774.20632089232,
        "revenue": 27.24874320012664,
        "rr": 0.0001819321488624417,
        "apr": 0.06640523433479122
    },
    "8/26/2022": {
        "tvl": 141114.21902222803,
        "revenue": -46.93289111583835,
        "rr": -0.00033258796626614627,
        "apr": -0.12139460768714339
    },
    "8/27/2022": {
        "tvl": 140246.63639871473,
        "revenue": 1.529053473914072,
        "rr": 0.000010902603536009543,
        "apr": 0.003979450290643483
    },
    "8/28/2022": {
        "tvl": 140377.62535428803,
        "revenue": -14.072297486781695,
        "rr": -0.000100246014642759,
        "apr": -0.03658979534460703
    },
    "8/29/2022": {
        "tvl": 142962.47431469313,
        "revenue": 47.08011297271672,
        "rr": 0.00032931797801066744,
        "apr": 0.1202010619738936
    },
    "8/30/2022": {
        "tvl": 144038.34404939826,
        "revenue": 19.667314371033758,
        "rr": 0.0001365422138169598,
        "apr": 0.049837908043190327
    },
    "8/31/2022": {
        "tvl": 142561.33069441593,
        "revenue": 8.78783027935334,
        "rr": 0.00006164245406905111,
        "apr": 0.022499495735203656
    },
    "9/1/2022": {
        "tvl": 143781.64175563067,
        "revenue": 39.0625495439035,
        "rr": 0.0002716796738925382,
        "apr": 0.09916308097077646
    },
    "9/2/2022": {
        "tvl": 141861.18520494195,
        "revenue": -10.92258031124155,
        "rr": -0.00007699484743104377,
        "apr": -0.028103119312330976
    },
    "9/3/2022": {
        "tvl": 143356.9978327343,
        "revenue": 15.55129112275843,
        "rr": 0.00010847946984006546,
        "apr": 0.03959500649162389
    },
    "9/4/2022": {
        "tvl": 144980.2564249428,
        "revenue": 19.111335531885953,
        "rr": 0.00013182026300098324,
        "apr": 0.04811439599535888
    },
    "9/5/2022": {
        "tvl": 145573.23200602905,
        "revenue": 27.932985563785316,
        "rr": 0.00019188270521209864,
        "apr": 0.070037187402416
    },
    "9/6/2022": {
        "tvl": 139921.23860886766,
        "revenue": -30.047210881661744,
        "rr": -0.00021474374569864242,
        "apr": -0.0783814671800045
    },
    "9/7/2022": {
        "tvl": 142218.06756101135,
        "revenue": 7.21770538084477,
        "rr": 0.00005075097351993188,
        "apr": 0.018524105334775137
    },
    "9/8/2022": {
        "tvl": 146376.08078968982,
        "revenue": 48.25404894510944,
        "rr": 0.0003296580198402762,
        "apr": 0.12032517724170082
    },
    "9/9/2022": {
        "tvl": 149940.70079431034,
        "revenue": 4.400296441002382,
        "rr": 0.000029346911263531698,
        "apr": 0.010711622611189069
    },
    "9/10/2022": {
        "tvl": 150299.41935038727,
        "revenue": 18.360866155221082,
        "rr": 0.00012216192340981104,
        "apr": 0.04458910204458103
    },
    "9/11/2022": {
        "tvl": 149888.53205511294,
        "revenue": 26.086239759089334,
        "rr": 0.00017403759581485268,
        "apr": 0.06352372247242123
    },
    "9/12/2022": {
        "tvl": 148593.7635397901,
        "revenue": -6.216345472378388,
        "rr": -0.00004183449778976619,
        "apr": -0.015269591693264662
    },
    "9/13/2022": {
        "tvl": 144913.57380098847,
        "revenue": -24.56680695151548,
        "rr": -0.00016952730035664824,
        "apr": -0.061877464630176605
    },
    "9/14/2022": {
        "tvl": 144818.04147861965,
        "revenue": 22.772358030966075,
        "rr": 0.00015724807350283145,
        "apr": 0.05739554682853348
    },
    "9/15/2022": {
        "tvl": 143793.9637219919,
        "revenue": -3.6670694598468914,
        "rr": -0.000025502248946532436,
        "apr": -0.009308320865484339
    },
    "9/16/2022": {
        "tvl": 144454.41225463423,
        "revenue": 3.484072640801348,
        "rr": 0.000024118838507056925,
        "apr": 0.008803376055075779
    },
    "9/17/2022": {
        "tvl": 144658.2563423654,
        "revenue": 8.611049786573853,
        "rr": 0.000059526846267204546,
        "apr": 0.02172729888752966
    },
    "9/18/2022": {
        "tvl": 138652.06343813514,
        "revenue": -38.25589103348998,
        "rr": -0.00027591288643576004,
        "apr": -0.10070820354905242
    },
    "9/19/2022": {
        "tvl": 142777.8753004146,
        "revenue": 47.73911800176671,
        "rr": 0.000334359352955213,
        "apr": 0.12204116382865275
    },
    "9/20/2022": {
        "tvl": 141975.87240616063,
        "revenue": -6.296062226775638,
        "rr": -0.00004434600133157864,
        "apr": -0.016186290486026204
    },
    "9/21/2022": {
        "tvl": 139364.6097471306,
        "revenue": 16.33919975113821,
        "rr": 0.00011724066662824075,
        "apr": 0.04279284331930787
    },
    "9/22/2022": {
        "tvl": 144479.35369544703,
        "revenue": 55.20451685249141,
        "rr": 0.00038209277270757246,
        "apr": 0.13946386203826394
    },
    "9/23/2022": {
        "tvl": 143800.89296853924,
        "revenue": 19.119332204898818,
        "rr": 0.00013295697829276865,
        "apr": 0.04852929707686055
    },
    "9/24/2022": {
        "tvl": 142090.98364762243,
        "revenue": -10.933761455101966,
        "rr": -0.00007694901656967253,
        "apr": -0.028086391047930467
    },
    "9/25/2022": {
        "tvl": 141152.34885292925,
        "revenue": -5.5057014830950814,
        "rr": -0.000039005383387786426,
        "apr": -0.014236964936542047
    },
    "9/26/2022": {
        "tvl": 144087.39762551276,
        "revenue": 51.34069552469294,
        "rr": 0.00035631634945707647,
        "apr": 0.13005546755183292
    },
    "9/27/2022": {
        "tvl": 138717.63937497282,
        "revenue": -24.887976149748873,
        "rr": -0.00017941464590868114,
        "apr": -0.06548634575666862
    },
    "9/28/2022": {
        "tvl": 139764.33183591522,
        "revenue": 8.79837591334474,
        "rr": 0.00006295151128883244,
        "apr": 0.02297730162042384
    },
    "9/29/2022": {
        "tvl": 139706.55340604682,
        "revenue": 3.7796188233703942,
        "rr": 0.00002705398373392843,
        "apr": 0.009874704062883877
    },
    "9/30/2022": {
        "tvl": 139729.37974044765,
        "revenue": -1.2786835813339725,
        "rr": -0.000009151143329406982,
        "apr": -0.0033401673152335483
    },
    "10/1/2022": {
        "tvl": 139031.03088333033,
        "revenue": -2.267841822563949,
        "rr": -0.000016311767295079887,
        "apr": -0.005953795062704158
    },
    "10/2/2022": {
        "tvl": 137902.9975186964,
        "revenue": 6.265581825920701,
        "rr": 0.00004543470365878911,
        "apr": 0.016583666835458026
    },
    "10/3/2022": {
        "tvl": 139716.54196994886,
        "revenue": 29.93496319250731,
        "rr": 0.0002142549677399396,
        "apr": 0.07820306322507796
    },
    "10/4/2022": {
        "tvl": 140689.65166281676,
        "revenue": 10.319411231876494,
        "rr": 0.00007334875813473806,
        "apr": 0.026772296719179387
    },
    "10/5/2022": {
        "tvl": 140420.24638254894,
        "revenue": 0.6606259404677749,
        "rr": 0.000004704634534453258,
        "apr": 0.001717191605075439
    },
    "10/6/2022": {
        "tvl": 139582.74704629392,
        "revenue": -3.209086458123073,
        "rr": -0.000022990566714228295,
        "apr": -0.008391556850693328
    },
    "10/7/2022": {
        "tvl": 138560.94933070784,
        "revenue": 15.399504258713074,
        "rr": 0.00011113884780017339,
        "apr": 0.04056567944706329
    },
    "10/8/2022": {
        "tvl": 138565.2315412087,
        "revenue": -0.005021297001034021,
        "rr": -3.6237784509028943e-8,
        "apr": -0.000013226791345795563
    },
    "10/9/2022": {
        "tvl": 139503.95320276337,
        "revenue": 12.049077024156075,
        "rr": 0.00008637086439151461,
        "apr": 0.03152536550290284
    },
    "10/10/2022": {
        "tvl": 135523.27435821283,
        "revenue": -11.296256922563746,
        "rr": -0.00008335289252756445,
        "apr": -0.030423805772561027
    },
    "10/11/2022": {
        "tvl": 135612.0670244274,
        "revenue": 20.169914728409655,
        "rr": 0.00014873244815873581,
        "apr": 0.05428734357793857
    },
    "10/12/2022": {
        "tvl": 134179.88683037975,
        "revenue": -2.4612916903677062,
        "rr": -0.00001834322377599773,
        "apr": -0.0066952766782391706
    },
    "10/13/2022": {
        "tvl": 137455.79775978098,
        "revenue": 83.19196477931413,
        "rr": 0.0006052270339640469,
        "apr": 0.22090786739687715
    },
    "10/14/2022": {
        "tvl": 136597.6439253363,
        "revenue": -1.30424,
        "rr": -0.000009548041697651038,
        "apr": -0.003485035219642629
    },
    "10/15/2022": {
        "tvl": 136270.34361547133,
        "revenue": -8.753934184208275,
        "rr": -0.00006423946657763035,
        "apr": -0.02344740530083508
    },
    "10/16/2022": {
        "tvl": 136893.66595864753,
        "revenue": 3.0200226594064348,
        "rr": 0.000022061083968039215,
        "apr": 0.008052295648334313
    },
    "10/17/2022": {
        "tvl": 137590.33103788382,
        "revenue": 17.9492192797682,
        "rr": 0.00013045407438423925,
        "apr": 0.047615737150247334
    },
    "10/18/2022": {
        "tvl": 137159.29882203773,
        "revenue": 9.508253868925594,
        "rr": 0.0000693227068859722,
        "apr": 0.025302788013379856
    },
    "10/19/2022": {
        "tvl": 134735.0576132265,
        "revenue": -2.9710586099401266,
        "rr": -0.000022051117671756334,
        "apr": -0.008048657950191062
    },
    "10/20/2022": {
        "tvl": 134587.4477650424,
        "revenue": 17.736552194155767,
        "rr": 0.00013178459424477356,
        "apr": 0.048101376899342345
    },
    "10/21/2022": {
        "tvl": 135064.93717573342,
        "revenue": 17.545172435958023,
        "rr": 0.0001299017554284273,
        "apr": 0.047414140731375974
    },
    "10/22/2022": {
        "tvl": 135393.10211275355,
        "revenue": 3.080142947585508,
        "rr": 0.000022749629778187714,
        "apr": 0.008303614869038516
    },
    "10/23/2022": {
        "tvl": 136308.1763550027,
        "revenue": 14.721787304517157,
        "rr": 0.00010800369939786702,
        "apr": 0.03942135028022146
    },
    "10/24/2022": {
        "tvl": 136646.32327483062,
        "revenue": 8.596710283128798,
        "rr": 0.00006291212289582516,
        "apr": 0.022962924856976187
    },
    "10/25/2022": {
        "tvl": 138664.75655132288,
        "revenue": 54.34232631392923,
        "rr": 0.0003918971746351131,
        "apr": 0.14304246874181628
    },
    "10/26/2022": {
        "tvl": 139045.7659484201,
        "revenue": 4.142785710373052,
        "rr": 0.00002979440389367803,
        "apr": 0.010874957421192481
    },
    "10/27/2022": {
        "tvl": 139056.1164184996,
        "revenue": 3.5335950138074086,
        "rr": 0.00002541128793768981,
        "apr": 0.00927512009725678
    },
    "10/28/2022": {
        "tvl": 141327.74952805755,
        "revenue": 17.131886964557474,
        "rr": 0.00012122097055791799,
        "apr": 0.04424565425364007
    },
    "10/29/2022": {
        "tvl": 140369.23102773866,
        "revenue": 7.9620936814682635,
        "rr": 0.000056722499818317434,
        "apr": 0.020703712433685864
    },
    "10/30/2022": {
        "tvl": 139836.83792737153,
        "revenue": -2.5427705366978013,
        "rr": -0.00001818383892532285,
        "apr": -0.0066371012077428414
    },
    "10/31/2022": {
        "tvl": 140129.5750698548,
        "revenue": 28.242647779595227,
        "rr": 0.0002015466596934746,
        "apr": 0.07356453078811823
    },
    "11/1/2022": {
        "tvl": 138982.8624311881,
        "revenue": 1.207005568938397,
        "rr": 0.00000868456403778558,
        "apr": 0.003169865873791737
    },
    "11/2/2022": {
        "tvl": 139045.56455983996,
        "revenue": 12.900623855034933,
        "rr": 0.00009277983009291169,
        "apr": 0.03386463798391277
    },
    "11/3/2022": {
        "tvl": 137378.43088615625,
        "revenue": 5.247992042847462,
        "rr": 0.000038200989842404053,
        "apr": 0.01394336129247748
    },
    "11/4/2022": {
        "tvl": 141209.5966068521,
        "revenue": 44.304967396331264,
        "rr": 0.00031375323250644704,
        "apr": 0.11451992986485317
    },
    "11/5/2022": {
        "tvl": 140423.36071942517,
        "revenue": -19.546878776824265,
        "rr": -0.00013919962231839883,
        "apr": -0.05080786214621557
    },
    "11/6/2022": {
        "tvl": 138116.52817921477,
        "revenue": -9.385245653701164,
        "rr": -0.00006795164762267428,
        "apr": -0.02480235138227611
    },
    "11/7/2022": {
        "tvl": 139481.1732898432,
        "revenue": 3002.722585698527,
        "rr": 0.02152779844673977,
        "apr": 7.857646433060016
    },
    "11/8/2022": {
        "tvl": 132445.86444500432,
        "revenue": -16.28676251241003,
        "rr": -0.00012296920391329246,
        "apr": -0.044883759428351745
    },
    "11/10/2022": {
        "tvl": 124964.89149097752,
        "revenue": 82.61320410704941,
        "rr": 0.0006610913122988155,
        "apr": 0.24129832898906767
    },
    "11/11/2022": {
        "tvl": 119750.05129293549,
        "revenue": 1.398780204957746,
        "rr": 0.000011680831781324385,
        "apr": 0.0042635036001834005
    },
    "11/12/2022": {
        "tvl": 119843.442023125,
        "revenue": 15.04674352900552,
        "rr": 0.0001255533325394818,
        "apr": 0.04582696637691086
    },
    "11/13/2022": {
        "tvl": 114015.3723488533,
        "revenue": -16.511083709988043,
        "rr": -0.0001448145400908661,
        "apr": -0.05285730713316613
    },
    "11/14/2022": {
        "tvl": 117231.7487407643,
        "revenue": 27.76698814488306,
        "rr": 0.00023685553139947158,
        "apr": 0.08645226896080713
    },
    "11/15/2022": {
        "tvl": 118680.06465769142,
        "revenue": 1.891497390801371,
        "rr": 0.00001593778530755786,
        "apr": 0.005817291637258619
    },
    "11/16/2022": {
        "tvl": 115751.34650506778,
        "revenue": -22.52962767746152,
        "rr": -0.00019463814769943205,
        "apr": -0.0710429239102927
    },
    "11/17/2022": {
        "tvl": 115862.11791198811,
        "revenue": -4.916383212277059,
        "rr": -0.000042433051465636696,
        "apr": -0.015488063784957394
    },
    "11/18/2022": {
        "tvl": 116360.05315368765,
        "revenue": 0.12025205563837663,
        "rr": 0.0000010334479263218318,
        "apr": 0.0003772084931074686
    },
    "11/19/2022": {
        "tvl": 117686.51667752743,
        "revenue": 16.52971726071659,
        "rr": 0.0001404554891025421,
        "apr": 0.05126625352242786
    },
    "11/20/2022": {
        "tvl": 114476.50572726157,
        "revenue": -18.693381974618458,
        "rr": -0.00016329448436481055,
        "apr": -0.05960248679315584
    },
    "11/21/2022": {
        "tvl": 114331.30517243301,
        "revenue": 10.220976077439458,
        "rr": 0.0000893978780529472,
        "apr": 0.032630225489325725
    },
    "11/22/2022": {
        "tvl": 116918.24363630074,
        "revenue": 37.933202103963474,
        "rr": 0.00032444211377279005,
        "apr": 0.11842137152706837
    },
    "11/23/2022": {
        "tvl": 117089.62724357513,
        "revenue": 15.144269263411172,
        "rr": 0.00012933911927063684,
        "apr": 0.04720877853378245
    },
    "11/24/2022": {
        "tvl": 116127.71806091916,
        "revenue": 4.567125127434194,
        "rr": 0.00003932846699905303,
        "apr": 0.014354890454654356
    },
    "11/25/2022": {
        "tvl": 117403.69758632293,
        "revenue": 8.47965900975602,
        "rr": 0.00007222650720622505,
        "apr": 0.026362675130272142
    },
    "11/26/2022": {
        "tvl": 116591.85566160452,
        "revenue": -0.006731582515187562,
        "rr": -5.773630136503929e-8,
        "apr": -0.00002107374999823934
    },
    "11/27/2022": {
        "tvl": 114778.92031817135,
        "revenue": 3.375113029045068,
        "rr": 0.000029405338712797885,
        "apr": 0.010732948630171229
    },
    "11/28/2022": {
        "tvl": 116468.55404705495,
        "revenue": 6.607633224871356,
        "rr": 0.00005673319531555083,
        "apr": 0.02070761629017605
    },
    "11/29/2022": {
        "tvl": 117548.81402907647,
        "revenue": 25.435826771360144,
        "rr": 0.00021638522669457496,
        "apr": 0.07898060774351987
    },
    "11/30/2022": {
        "tvl": 119045.34956043176,
        "revenue": 30.008610265842332,
        "rr": 0.0002520771317539697,
        "apr": 0.09200815309019893
    },
    "12/1/2022": {
        "tvl": 117607.12350902127,
        "revenue": -8.141070157693475,
        "rr": -0.00006922259396191251,
        "apr": -0.02526624679609807
    },
    "12/2/2022": {
        "tvl": 119026.65413945737,
        "revenue": 13.384100997890666,
        "rr": 0.0001124462507549713,
        "apr": 0.041042881525564526
    },
    "12/3/2022": {
        "tvl": 117637.57002166111,
        "revenue": 2.875450994403243,
        "rr": 0.000024443304922685618,
        "apr": 0.008921806296780249
    },
    "12/4/2022": {
        "tvl": 118152.31983770734,
        "revenue": -4.973492782654876,
        "rr": -0.000042093907165652004,
        "apr": -0.01536427611546298
    },
    "12/5/2022": {
        "tvl": 118436.69379375604,
        "revenue": 12.10056343544988,
        "rr": 0.00010216904109567282,
        "apr": 0.03729169999992058
    },
    "12/6/2022": {
        "tvl": 118507.21176356159,
        "revenue": 8.280292225345551,
        "rr": 0.0000698716314570449,
        "apr": 0.02550314548182139
    },
    "12/7/2022": {
        "tvl": 116688.35830522924,
        "revenue": -11.530992943089624,
        "rr": -0.00009881870917171758,
        "apr": -0.03606882884767692
    },
    "12/8/2022": {
        "tvl": 117592.76675387485,
        "revenue": 10.381739313937429,
        "rr": 0.00008828552640203387,
        "apr": 0.03222421713674236
    },
    "12/9/2022": {
        "tvl": 117078.21810850494,
        "revenue": -3.2639250709849073,
        "rr": -0.000027878158070017683,
        "apr": -0.010175527695556453
    },
    "12/10/2022": {
        "tvl": 117802.8205641475,
        "revenue": 6.24394858066233,
        "rr": 0.0000530033877861379,
        "apr": 0.019346236541940332
    },
    "12/11/2022": {
        "tvl": 115493.68253665902,
        "revenue": -7.772408851686727,
        "rr": -0.00006729726406654039,
        "apr": -0.024563501384287246
    },
    "12/12/2022": {
        "tvl": 114025.81549815637,
        "revenue": -2.821179480631001,
        "rr": -0.00002474158565151078,
        "apr": -0.009030678762801435
    },
    "12/13/2022": {
        "tvl": 116101.05372355439,
        "revenue": 34.513179816930666,
        "rr": 0.0002972684459790453,
        "apr": 0.10850298278235154
    },
    "12/14/2022": {
        "tvl": 114712.74362938391,
        "revenue": 0.008969091591451317,
        "rr": 7.818740366309105e-8,
        "apr": 0.000028538402337028236
    },
    "12/15/2022": {
        "tvl": 114135.49683984097,
        "revenue": 4.503328160694575,
        "rr": 0.00003945598245402836,
        "apr": 0.014401433595720351
    },
    "12/16/2022": {
        "tvl": 108793.36665735015,
        "revenue": -26.656329059377477,
        "rr": -0.0002450179627525715,
        "apr": -0.08943155640468861
    },
    "12/17/2022": {
        "tvl": 108286.6129965785,
        "revenue": 2.5277964109358044,
        "rr": 0.00002334357258930681,
        "apr": 0.008520403995096987
    },
    "12/18/2022": {
        "tvl": 106837.76562370898,
        "revenue": 7.824815828049406,
        "rr": 0.00007324016729822882,
        "apr": 0.02673266106385352
    },
    "12/19/2022": {
        "tvl": 103679.4017344692,
        "revenue": -15.008878552821997,
        "rr": -0.00014476239543955772,
        "apr": -0.05283827433543857
    },
    "12/20/2022": {
        "tvl": 104897.01402585953,
        "revenue": -33.465551369495394,
        "rr": -0.0003190324498774137,
        "apr": -0.116446844205256
    },
    "12/21/2022": {
        "tvl": 105794.38715147237,
        "revenue": 2.91843596680297,
        "rr": 0.00002758592440848931,
        "apr": 0.010068862409098598
    },
    "12/22/2022": {
        "tvl": 106275.3726704246,
        "revenue": 8.351710310559175,
        "rr": 0.0000785855659754687,
        "apr": 0.02868373158104608
    },
    "12/24/2022": {
        "tvl": 105044.97627467425,
        "revenue": 0.45188628824924676,
        "rr": 0.000004301836263617625,
        "apr": 0.0015701702362204333
    },
    "12/25/2022": {
        "tvl": 104616.89614245316,
        "revenue": -4.674620705259995,
        "rr": -0.000044683228786435495,
        "apr": -0.016309378507048954
    },
    "12/26/2022": {
        "tvl": 104607.90886894349,
        "revenue": 11.424137422011498,
        "rr": 0.00010920911760433013,
        "apr": 0.039861327925580496
    },
    "12/27/2022": {
        "tvl": 102311.02704428043,
        "revenue": -7.556453625553035,
        "rr": -0.00007385766562857966,
        "apr": -0.026958047954431574
    },
    "12/28/2022": {
        "tvl": 101567.65679286732,
        "revenue": 29.950765857604324,
        "rr": 0.0002948848757895894,
        "apr": 0.10763297966320012
    },
    "12/29/2022": {
        "tvl": 99946.1586932822,
        "revenue": 1.6603186905948473,
        "rr": 0.000016612131094403375,
        "apr": 0.006063427849457232
    },
    "12/30/2022": {
        "tvl": 99009.38355216073,
        "revenue": -10.337624209819362,
        "rr": -0.00010441055018157175,
        "apr": -0.03810985081627369
    },
    "12/31/2022": {
        "tvl": 99822.09299466282,
        "revenue": 7.906410490056954,
        "rr": 0.00007920501617291961,
        "apr": 0.028909830903115656
    },
    "1/1/2023": {
        "tvl": 101925.97269259885,
        "revenue": 1689.1220819893385,
        "rr": 0.016572047706462464,
        "apr": 6.048797412858799
    },
    "1/2/2023": {
        "tvl": 103206.05713745077,
        "revenue": 12.938093900214836,
        "rr": 0.0001253617690576413,
        "apr": 0.04575704570603907
    },
    "1/3/2023": {
        "tvl": 104776.60514018124,
        "revenue": 7.478130394717211,
        "rr": 0.00007137213870130814,
        "apr": 0.026050830625977472
    },
    "1/4/2023": {
        "tvl": 104331.592677653,
        "revenue": 6.848745722735777,
        "rr": 0.00006564402542857687,
        "apr": 0.023960069281430553
    },
    "1/5/2023": {
        "tvl": 104563.70020073526,
        "revenue": -0.07787322272780631,
        "rr": -7.447443288474859e-7,
        "apr": -0.00027183168002933237
    },
    "1/6/2023": {
        "tvl": 106214.30226636988,
        "revenue": 20.45462340337239,
        "rr": 0.0001925788049906424,
        "apr": 0.07029126382158447
    },
    "1/7/2023": {
        "tvl": 106715.44013858882,
        "revenue": 9.88024618417912,
        "rr": 0.00009258497337730957,
        "apr": 0.03379351528271799
    },
    "1/8/2023": {
        "tvl": 109894.37963574438,
        "revenue": 22.245693583282385,
        "rr": 0.00020242794633372428,
        "apr": 0.07388620041180936
    },
    "1/9/2023": {
        "tvl": 109497.15292657037,
        "revenue": 18.6253512874766,
        "rr": 0.00017009895499261888,
        "apr": 0.06208611857230589
    },
    "1/10/2023": {
        "tvl": 108788.25451812931,
        "revenue": -3.611958005524442,
        "rr": -0.00003320172771889191,
        "apr": -0.012118630617395548
    },
    "1/11/2023": {
        "tvl": 109542.09999512014,
        "revenue": 6.482554705631577,
        "rr": 0.00005917866013085709,
        "apr": 0.02160021094776284
    },
    "1/12/2023": {
        "tvl": 113126.35286865322,
        "revenue": 47.778036397165046,
        "rr": 0.0004223422322528009,
        "apr": 0.1541549147722723
    },
    "1/14/2023": {
        "tvl": 121446.25934639711,
        "revenue": -635.2114007725456,
        "rr": -0.005230390826289292,
        "apr": -1.9090926515955915
    },
    "1/15/2023": {
        "tvl": 117880.5366768943,
        "revenue": -0.061916,
        "rr": -5.252436215972549e-7,
        "apr": -0.000191713921882998
    },
    "1/16/2023": {
        "tvl": 116934.340188318,
        "revenue": -87.80222510800317,
        "rr": -0.0007508677516510655,
        "apr": -0.2740667293526389
    },
    "1/17/2023": {
        "tvl": 117244.88375366651,
        "revenue": 11.503275366782015,
        "rr": 0.00009811323955892687,
        "apr": 0.03581133243900831
    },
    "1/18/2023": {
        "tvl": 114816.97491344562,
        "revenue": -23.214892795585072,
        "rr": -0.00020219042361188788,
        "apr": -0.07379950461833908
    },
    "1/19/2023": {
        "tvl": 115853.54374569101,
        "revenue": -6.082605409186198,
        "rr": -0.000052502540815998396,
        "apr": -0.019163427397839414
    },
    "1/20/2023": {
        "tvl": 116763.61081444613,
        "revenue": 15.900601364703418,
        "rr": 0.00013617771199258064,
        "apr": 0.04970486487729193
    },
    "1/21/2023": {
        "tvl": 122158.67373962622,
        "revenue": 2.5697772393108904,
        "rr": 0.000021036387844126518,
        "apr": 0.007678281563106179
    },
    "1/22/2023": {
        "tvl": 122357.82804405203,
        "revenue": -0.372377,
        "rr": -0.0000030433443119465518,
        "apr": -0.0011108206738604915
    },
    "1/23/2023": {
        "tvl": 122649.01489495975,
        "revenue": 7.286614397687048,
        "rr": 0.00005941029696755021,
        "apr": 0.021684758393155826
    },
    "1/24/2023": {
        "tvl": 118846.39562784442,
        "revenue": -27.409309884803147,
        "rr": -0.00023062802822083602,
        "apr": -0.08417923030060515
    },
    "1/25/2023": {
        "tvl": 120846.47641307894,
        "revenue": 19.871310170519866,
        "rr": 0.0001644343365262509,
        "apr": 0.060018532832081584
    },
    "1/26/2023": {
        "tvl": 120358.7896335725,
        "revenue": -5.839617427374201,
        "rr": -0.00004851841269883722,
        "apr": -0.017709220635075584
    },
    "1/27/2023": {
        "tvl": 124124.65447151486,
        "revenue": 42.270464009454074,
        "rr": 0.00034054849287942746,
        "apr": 0.12430019990099102
    },
    "1/28/2023": {
        "tvl": 122395.11920683399,
        "revenue": -60.977634420965806,
        "rr": -0.0004982031539829661,
        "apr": -0.18184415120378264
    },
    "1/29/2023": {
        "tvl": 125194.59116833689,
        "revenue": 29.58518581071122,
        "rr": 0.00023631361015373996,
        "apr": 0.08625446770611508
    },
    "1/30/2023": {
        "tvl": 126973.53209862103,
        "revenue": -48.00893989518775,
        "rr": -0.0003781019485060788,
        "apr": -0.13800721120471876
    },
    "1/31/2023": {
        "tvl": 119593.9520297841,
        "revenue": -8063.250493052029,
        "rr": -0.06742189179469485,
        "apr": -24.60899050506362
    },
    "2/1/2023": {
        "tvl": 118513.04590442179,
        "revenue": -23.203620433431514,
        "rr": -0.00019578958802682982,
        "apr": -0.07146319962979289
    },
    "2/2/2023": {
        "tvl": 121956.54547309176,
        "revenue": 4.0701885555619075,
        "rr": 0.00003337408861306215,
        "apr": 0.012181542343767685
    },
    "2/3/2023": {
        "tvl": 122727.49478285803,
        "revenue": 17.62140913127698,
        "rr": 0.00014358159239259767,
        "apr": 0.05240728122329815
    },
    "2/4/2023": {
        "tvl": 126280.53257071185,
        "revenue": 30.197952991044147,
        "rr": 0.0002391338742108531,
        "apr": 0.08728386408696139
    },
    "2/5/2023": {
        "tvl": 126194.19785999619,
        "revenue": 10.23157884555289,
        "rr": 0.00008107804494232078,
        "apr": 0.02959348640394708
    },
    "2/6/2023": {
        "tvl": 124735.71522636672,
        "revenue": 7.454025468600139,
        "rr": 0.00005975854994756547,
        "apr": 0.021811870730861396
    },
    "2/7/2023": {
        "tvl": 130153.11238833096,
        "revenue": 47.08948599221633,
        "rr": 0.0003618006909563401,
        "apr": 0.13205725219906414
    },
    "2/8/2023": {
        "tvl": 129053.72971597491,
        "revenue": -3.9155638693502546,
        "rr": -0.000030340571155655385,
        "apr": -0.011074308471814214
    },
    "2/9/2023": {
        "tvl": 130246.13743102338,
        "revenue": -51.57271754884223,
        "rr": -0.00039596350852365547,
        "apr": -0.14452668061113425
    },
    "2/11/2023": {
        "tvl": 130604.07801016966,
        "revenue": 3.3039598640758396,
        "rr": 0.000025297524506229985,
        "apr": 0.009233596444773944
    },
    "2/12/2023": {
        "tvl": 129151.43210994729,
        "revenue": -7.379299067202038,
        "rr": -0.00005713679629134892,
        "apr": -0.020854930646342355
    },
    "2/13/2023": {
        "tvl": 128072.80449899328,
        "revenue": -10.53549414029666,
        "rr": -0.00008226175870443653,
        "apr": -0.03002554192711934
    },
    "2/14/2023": {
        "tvl": 129377.32367244543,
        "revenue": 16.586260080425625,
        "rr": 0.00012820067388639403,
        "apr": 0.04679324596853383
    },
    "2/15/2023": {
        "tvl": 134339.32398399588,
        "revenue": 65.50303277432147,
        "rr": 0.0004875938841416604,
        "apr": 0.17797176771170603
    },
    "2/16/2023": {
        "tvl": 132962.74234897588,
        "revenue": -3.1027079119478165,
        "rr": -0.00002333516786081627,
        "apr": -0.008517336269197939
    },
    "2/17/2023": {
        "tvl": 136422.13911799964,
        "revenue": 34.53032897489224,
        "rr": 0.0002531138215405412,
        "apr": 0.09238654486229753
    },
    "2/18/2023": {
        "tvl": 135923.6339277491,
        "revenue": 17.277673794186683,
        "rr": 0.00012711309501459267,
        "apr": 0.04639627968032632
    },
    "2/19/2023": {
        "tvl": 138738.4740094712,
        "revenue": 27.864411899719553,
        "rr": 0.0002008412741934681,
        "apr": 0.07330706508061587
    },
    "2/20/2023": {
        "tvl": 141660.83580554576,
        "revenue": 44.754671883101764,
        "rr": 0.00031592833424006736,
        "apr": 0.11531384199762458
    },
    "2/21/2023": {
        "tvl": 142043.86890348603,
        "revenue": 66.14116595952375,
        "rr": 0.00046563900624577056,
        "apr": 0.16995823727970627
    },
    "2/23/2023": {
        "tvl": 144557.55344717272,
        "revenue": -22.008387733831057,
        "rr": -0.00015224654270227275,
        "apr": -0.055569988086329555
    },
    "2/24/2023": {
        "tvl": 142057.33279738284,
        "revenue": -50.932828760481314,
        "rr": -0.0003585371325613095,
        "apr": -0.13086605338487797
    },
    "2/25/2023": {
        "tvl": 138780.89538023644,
        "revenue": 0.7378273187136054,
        "rr": 0.000005316490549308548,
        "apr": 0.00194051905049762
    },
    "2/26/2023": {
        "tvl": 138709.83965751948,
        "revenue": 3.6063318344639845,
        "rr": 0.000025999106071841563,
        "apr": 0.009489673716222172
    },
    "2/27/2023": {
        "tvl": 136937.74273644396,
        "revenue": -6.481540299676563,
        "rr": -0.00004733202234939131,
        "apr": -0.01727618815752783
    },
    "2/28/2023": {
        "tvl": 136359.47200840877,
        "revenue": -0.4766637535588071,
        "rr": -0.0000034956409447626273,
        "apr": -0.0012759089448383589
    },
    "3/1/2023": {
        "tvl": 136042.8631061277,
        "revenue": 15.240084486524418,
        "rr": 0.00011202413811767218,
        "apr": 0.04088881041295034
    },
    "3/2/2023": {
        "tvl": 130795.12584624869,
        "revenue": -28.30429552354755,
        "rr": -0.0002164017606957281,
        "apr": -0.07898664265394076
    },
    "3/3/2023": {
        "tvl": 133604.74718967517,
        "revenue": 22.256426427764364,
        "rr": 0.000166584098962947,
        "apr": 0.06080319612147566
    }
}