{
    "4/19/2021": {
        "tvl": 9123.7530980111,
        "revenue": -38.626944027738354,
        "volume": 7137.424207493578,
        "rr": -0.0042336682736579855,
        "apr": -1.545288919885165
    },
    "4/20/2021": {
        "tvl": 13536.122109211841,
        "revenue": 4.95140137425303,
        "volume": 1672.9741708918737,
        "rr": 0.0003657917189505416,
        "apr": 0.13351397741694768
    },
    "4/21/2021": {
        "tvl": 11769.057079767395,
        "revenue": 1.2038560559858253,
        "volume": 380.2930514866028,
        "rr": 0.00010228993264510689,
        "apr": 0.03733582541546402
    },
    "4/22/2021": {
        "tvl": 37409.88774678221,
        "revenue": -383.03341711867915,
        "volume": 26467.96728241888,
        "rr": -0.010238828293507123,
        "apr": -3.7371723271301
    },
    "4/23/2021": {
        "tvl": 58406.971107013705,
        "revenue": -116.92444822082147,
        "volume": 4907.328864579528,
        "rr": -0.00200189200029893,
        "apr": -0.7306905801091095
    },
    "4/24/2021": {
        "tvl": 56849.15484390258,
        "revenue": 8.579646541242234,
        "volume": 2616.243091481207,
        "rr": 0.00015091950909033527,
        "apr": 0.05508562081797238
    },
    "4/25/2021": {
        "tvl": 58617.429088222576,
        "revenue": 37.55664219893598,
        "volume": 12155.150900855526,
        "rr": 0.0006407077687151904,
        "apr": 0.2338583355810445
    },
    "4/26/2021": {
        "tvl": 79016.84699061813,
        "revenue": 30.388353603250888,
        "volume": 10428.637856604424,
        "rr": 0.0003845806908349428,
        "apr": 0.1403719521547541
    },
    "4/27/2021": {
        "tvl": 80231.68281678711,
        "revenue": 32.18427961837699,
        "volume": 11297.762814802329,
        "rr": 0.00040114177452654624,
        "apr": 0.14641674770218938
    },
    "4/28/2021": {
        "tvl": 79826.00408431161,
        "revenue": 11.785737952933701,
        "volume": 3864.697847069209,
        "rr": 0.0001476428400510402,
        "apr": 0.053889636618629666
    },
    "4/29/2021": {
        "tvl": 78929.51560473701,
        "revenue": 3.1480443607244704,
        "volume": 1570.4188383710568,
        "rr": 0.000039884247820412804,
        "apr": 0.014557750454450673
    },
    "4/30/2021": {
        "tvl": 82307.43290708291,
        "revenue": 4.3538658616781145,
        "volume": 1460.0258288504976,
        "rr": 0.00005289760241451347,
        "apr": 0.019307624881297416
    },
    "5/1/2021": {
        "tvl": 83623.11599552902,
        "revenue": 9.70196321696708,
        "volume": 3268.631733471541,
        "rr": 0.0001160201112032922,
        "apr": 0.04234734058920166
    },
    "5/2/2021": {
        "tvl": 83001.1845180844,
        "revenue": 3.0256933077961663,
        "volume": 1009.5599285320777,
        "rr": 0.00003645361599793705,
        "apr": 0.013305569839247022
    },
    "5/3/2021": {
        "tvl": 83096.81154247769,
        "revenue": 4.141756718386885,
        "volume": 1365.0566905293254,
        "rr": 0.000049842546801807055,
        "apr": 0.018192529582659576
    },
    "5/4/2021": {
        "tvl": 82108.91852580458,
        "revenue": 10.42665171558062,
        "volume": 3415.0902325927627,
        "rr": 0.00012698561743087396,
        "apr": 0.046349750362269
    },
    "5/5/2021": {
        "tvl": 89081.70459642798,
        "revenue": 36.32176985457683,
        "volume": 12454.49625446831,
        "rr": 0.0004077354605990922,
        "apr": 0.14882344311866863
    },
    "5/6/2021": {
        "tvl": 35084.67662256354,
        "revenue": 35.04967287075032,
        "volume": 16184.71720664215,
        "rr": 0.0009990023065570824,
        "apr": 0.3646358418933351
    },
    "5/7/2021": {
        "tvl": 34058.972744421335,
        "revenue": 9.694489816912775,
        "volume": 3181.4088175690463,
        "rr": 0.0002846383503595444,
        "apr": 0.10389299788123371
    },
    "5/8/2021": {
        "tvl": 33562.98635703865,
        "revenue": 9.356059104084114,
        "volume": 3100.813841012385,
        "rr": 0.00027876122239408566,
        "apr": 0.10174784617384125
    },
    "5/9/2021": {
        "tvl": 33898.219451282326,
        "revenue": 3.5344045033474827,
        "volume": 1194.9190605504396,
        "rr": 0.0001042651962421519,
        "apr": 0.03805679662838545
    },
    "5/10/2021": {
        "tvl": 30602.71578314849,
        "revenue": 18.564713948711667,
        "volume": 5523.980963150938,
        "rr": 0.0006066361587076661,
        "apr": 0.22142219792829815
    },
    "5/11/2021": {
        "tvl": 33253.007265673936,
        "revenue": 25.765385589837862,
        "volume": 9220.944608841311,
        "rr": 0.0007748287360594506,
        "apr": 0.28281248866169945
    },
    "5/12/2021": {
        "tvl": 31480.55720137554,
        "revenue": 51.96915267014054,
        "volume": 17806.728007409147,
        "rr": 0.0016508333171393087,
        "apr": 0.6025541607558477
    },
    "5/13/2021": {
        "tvl": 50968.647765831054,
        "revenue": 20.353634180526058,
        "volume": 6787.865201021255,
        "rr": 0.00039933635818706104,
        "apr": 0.14575777073827728
    },
    "5/14/2021": {
        "tvl": 52087.31313576185,
        "revenue": 12.481623866059829,
        "volume": 4180.691128821141,
        "rr": 0.00023962886765779934,
        "apr": 0.08746453669509677
    },
    "5/15/2021": {
        "tvl": 50047.93134211073,
        "revenue": 13.856965391608021,
        "volume": 4571.164330090126,
        "rr": 0.00027687388909017026,
        "apr": 0.10105896951791214
    },
    "5/16/2021": {
        "tvl": 46931.73790740579,
        "revenue": 10.66685736923553,
        "volume": 3306.0964586751566,
        "rr": 0.00022728451672258035,
        "apr": 0.08295884860374182
    },
    "5/17/2021": {
        "tvl": 88443.24307582177,
        "revenue": 42.90557230197705,
        "volume": 14443.65942580987,
        "rr": 0.00048511984420555914,
        "apr": 0.1770687431350291
    },
    "5/18/2021": {
        "tvl": 88910.70241292655,
        "revenue": 62.67094184462385,
        "volume": 20500.999334382213,
        "rr": 0.0007048751178858334,
        "apr": 0.2572794180283292
    },
    "5/19/2021": {
        "tvl": 78688.62025340744,
        "revenue": 115.47871318573605,
        "volume": 37110.27819052795,
        "rr": 0.0014675401959501951,
        "apr": 0.5356521715218213
    },
    "5/20/2021": {
        "tvl": 89546.63291002401,
        "revenue": 91.06553555458107,
        "volume": 30900.506590318553,
        "rr": 0.0010169621413468808,
        "apr": 0.37119118159161146
    },
    "5/21/2021": {
        "tvl": 91180.21183803836,
        "revenue": 91.0534125647988,
        "volume": 30696.6901645609,
        "rr": 0.00099860935535591,
        "apr": 0.3644924147049072
    },
    "5/22/2021": {
        "tvl": 90626.22874969013,
        "revenue": 26.217871016102187,
        "volume": 9190.825816433726,
        "rr": 0.0002892967232313728,
        "apr": 0.10559330397945108
    },
    "5/23/2021": {
        "tvl": 84481.4011226282,
        "revenue": 153.29255705998267,
        "volume": 60980.35252460544,
        "rr": 0.0018145124846766245,
        "apr": 0.6622970569069679
    },
    "5/24/2021": {
        "tvl": 92681.219067396,
        "revenue": 50.76080717573084,
        "volume": 16709.665414214793,
        "rr": 0.0005476924849123808,
        "apr": 0.19990775699301896
    },
    "5/25/2021": {
        "tvl": 96417.58427241785,
        "revenue": 25.456419501359765,
        "volume": 8731.115609214801,
        "rr": 0.0002640225814975337,
        "apr": 0.09636824224659979
    },
    "5/26/2021": {
        "tvl": 94624.54168451579,
        "revenue": 55.74895161045252,
        "volume": 18202.533583817345,
        "rr": 0.0005891595416791877,
        "apr": 0.21504323271290351
    },
    "5/27/2021": {
        "tvl": 98286.68109842416,
        "revenue": 69.63515503576367,
        "volume": 23701.07938343965,
        "rr": 0.000708490247687081,
        "apr": 0.25859894040578457
    },
    "5/28/2021": {
        "tvl": 112113.47256374484,
        "revenue": 18.773261102853112,
        "volume": 26016.495024016658,
        "rr": 0.0001674487523538183,
        "apr": 0.06111879460914368
    },
    "5/29/2021": {
        "tvl": 107786.78983091687,
        "revenue": 21.3017092212663,
        "volume": 7079.35700656185,
        "rr": 0.00019762819965862138,
        "apr": 0.07213429287539681
    },
    "5/30/2021": {
        "tvl": 107056.10908005587,
        "revenue": 18.420523378883033,
        "volume": 5998.212322898088,
        "rr": 0.0001720641964029188,
        "apr": 0.06280343168706537
    },
    "5/31/2021": {
        "tvl": 111444.62979844601,
        "revenue": 25.86283929254213,
        "volume": 179838.49401826964,
        "rr": 0.00023206895961982695,
        "apr": 0.08470517026123683
    },
    "6/1/2021": {
        "tvl": 115190.71963479927,
        "revenue": 192.6274619358024,
        "volume": 115723.9455873978,
        "rr": 0.0016722480990353096,
        "apr": 0.610370556147888
    },
    "6/2/2021": {
        "tvl": 117053.91491819912,
        "revenue": 23.019490286994845,
        "volume": 225579.84472679807,
        "rr": 0.0001966571583964669,
        "apr": 0.07177986281471042
    },
    "6/3/2021": {
        "tvl": 115752.50619446933,
        "revenue": 326.5962219133092,
        "volume": 142678.89358136622,
        "rr": 0.002821504541462049,
        "apr": 1.029849157633648
    },
    "6/4/2021": {
        "tvl": 130156.53587589243,
        "revenue": 269.1792732479656,
        "volume": 71803.46035628312,
        "rr": 0.0020681195257427174,
        "apr": 0.7548636268960919
    },
    "6/5/2021": {
        "tvl": 126700.92258763434,
        "revenue": 116.58601405541859,
        "volume": 41819.20282881371,
        "rr": 0.0009201670490976919,
        "apr": 0.33586097292065753
    },
    "6/6/2021": {
        "tvl": 134151.65448454506,
        "revenue": 124.78288681691718,
        "volume": 48754.82530395602,
        "rr": 0.0009301628615492983,
        "apr": 0.33950944446549386
    },
    "6/7/2021": {
        "tvl": 122900.62895063552,
        "revenue": 90.9055451455888,
        "volume": 30069.994244114987,
        "rr": 0.0007396670458220526,
        "apr": 0.2699784717250492
    },
    "6/8/2021": {
        "tvl": 169788.40657986235,
        "revenue": 113.45831422771883,
        "volume": 104393.41018086161,
        "rr": 0.0006682335767981433,
        "apr": 0.2439052555313223
    },
    "6/9/2021": {
        "tvl": 173422.74929452984,
        "revenue": 161.37218901140875,
        "volume": 57025.05956029587,
        "rr": 0.0009305133822861082,
        "apr": 0.3396373845344295
    },
    "6/10/2021": {
        "tvl": 167553.08793498878,
        "revenue": 45.51321716486606,
        "volume": 15185.546445176673,
        "rr": 0.00027163460683294217,
        "apr": 0.09914663149402389
    },
    "6/11/2021": {
        "tvl": 164047.15134865534,
        "revenue": 140.0743002152674,
        "volume": 47669.59069897833,
        "rr": 0.000853866093154903,
        "apr": 0.3116611240015396
    },
    "6/12/2021": {
        "tvl": 163426.41444846007,
        "revenue": 51.73004277179564,
        "volume": 26911.97042148396,
        "rr": 0.00031653415970959694,
        "apr": 0.11553496829400288
    },
    "6/13/2021": {
        "tvl": 168524.5280796869,
        "revenue": -20.41404724741157,
        "volume": 29735.07939667224,
        "rr": -0.00012113398257231006,
        "apr": -0.04421390363889317
    },
    "6/14/2021": {
        "tvl": 170934.75204952783,
        "revenue": 54.678530903125136,
        "volume": 18586.263645582523,
        "rr": 0.00031987954612811676,
        "apr": 0.11675603433676261
    },
    "6/15/2021": {
        "tvl": 169168.44496350022,
        "revenue": 51.743853582682384,
        "volume": 17390.053607733673,
        "rr": 0.00030587178119327536,
        "apr": 0.1116432001355455
    },
    "6/16/2021": {
        "tvl": 168326.90599986174,
        "revenue": 238.76556310979763,
        "volume": 95084.90847951749,
        "rr": 0.001418463445826027,
        "apr": 0.5177391577264998
    },
    "6/17/2021": {
        "tvl": 172110.8216251106,
        "revenue": 96.7690438554075,
        "volume": 48025.87595151335,
        "rr": 0.0005622484567890129,
        "apr": 0.2052206867279897
    },
    "6/18/2021": {
        "tvl": 163728.99923204823,
        "revenue": 128.80698924430317,
        "volume": 42862.28858191627,
        "rr": 0.0007867084624498857,
        "apr": 0.28714858879420824
    },
    "6/19/2021": {
        "tvl": 163793.76414285094,
        "revenue": 144.90961274406763,
        "volume": 46805.744436293615,
        "rr": 0.0008847077512528883,
        "apr": 0.32291832920730423
    },
    "6/20/2021": {
        "tvl": 162855.70768517107,
        "revenue": 284.90312328306425,
        "volume": 80295.31055541565,
        "rr": 0.0017494205596639723,
        "apr": 0.6385385042773499
    },
    "6/21/2021": {
        "tvl": 153130.37115812016,
        "revenue": 243.82752909047008,
        "volume": 86521.3498325703,
        "rr": 0.0015922871945415543,
        "apr": 0.5811848260076672
    },
    "6/22/2021": {
        "tvl": 151994.86024482653,
        "revenue": 315.7617967992758,
        "volume": 89723.45517928811,
        "rr": 0.0020774504893827385,
        "apr": 0.7582694286246996
    },
    "6/23/2021": {
        "tvl": 152858.2605764552,
        "revenue": 128.88832518434404,
        "volume": 46588.560194349324,
        "rr": 0.0008431884851906835,
        "apr": 0.30776379709459945
    },
    "6/24/2021": {
        "tvl": 158300.89399702984,
        "revenue": 355.13957433284423,
        "volume": 121087.84118421502,
        "rr": 0.002243446422605217,
        "apr": 0.8188579442509042
    },
    "6/25/2021": {
        "tvl": 152358.41155898644,
        "revenue": 369.04391794341876,
        "volume": 117910.49295515176,
        "rr": 0.002422209014699141,
        "apr": 0.8841062903651864
    },
    "6/26/2021": {
        "tvl": 219914.1920586068,
        "revenue": 131.71124681057262,
        "volume": 57259.34358408572,
        "rr": 0.0005989210863456769,
        "apr": 0.21860619651617205
    },
    "6/27/2021": {
        "tvl": 220397.02717743043,
        "revenue": 273.49368863942647,
        "volume": 75908.53415375193,
        "rr": 0.0012409136917225776,
        "apr": 0.45293349747874084
    },
    "6/28/2021": {
        "tvl": 228472.64957884466,
        "revenue": 131.5445243740164,
        "volume": 67522.38961879902,
        "rr": 0.0005757561117993735,
        "apr": 0.21015098080677136
    },
    "6/29/2021": {
        "tvl": 176852.9609550931,
        "revenue": 138.68535590997385,
        "volume": 90082.38080502,
        "rr": 0.000784184529119584,
        "apr": 0.28622735312864817
    },
    "6/30/2021": {
        "tvl": 252280.59706176817,
        "revenue": 373.8221842498885,
        "volume": 124933.0870529767,
        "rr": 0.001481771442606671,
        "apr": 0.540846576551435
    },
    "7/1/2021": {
        "tvl": 244306.79644587866,
        "revenue": 270.9123862524069,
        "volume": 102636.10168544401,
        "rr": 0.0011089023727279819,
        "apr": 0.4047493660457134
    },
    "7/2/2021": {
        "tvl": 246410.30130054583,
        "revenue": 100.00623669061062,
        "volume": 40426.939061769735,
        "rr": 0.0004058524995212491,
        "apr": 0.14813616232525592
    },
    "7/3/2021": {
        "tvl": 257636.71794964152,
        "revenue": 103.62563885692495,
        "volume": 35877.18208067545,
        "rr": 0.0004022161114363363,
        "apr": 0.14680888067426273
    },
    "7/4/2021": {
        "tvl": 256896.36547211747,
        "revenue": 186.65964408737662,
        "volume": 63001.5666569088,
        "rr": 0.0007265951145098467,
        "apr": 0.26520721679609405
    },
    "7/5/2021": {
        "tvl": 252601.83668626763,
        "revenue": 140.75457755068922,
        "volume": 52175.33609609326,
        "rr": 0.0005572191374265694,
        "apr": 0.20338498516069786
    },
    "7/6/2021": {
        "tvl": 251810.7444709757,
        "revenue": 181.15509136080829,
        "volume": 68048.3537234148,
        "rr": 0.0007194096969189837,
        "apr": 0.262584539375429
    },
    "7/7/2021": {
        "tvl": 247352.62737293646,
        "revenue": 750.9424408389892,
        "volume": 257700.4956595406,
        "rr": 0.003035918594496207,
        "apr": 1.1081102869911155
    },
    "7/8/2021": {
        "tvl": 240371.55998716675,
        "revenue": 594.3885806028372,
        "volume": 107849.63370885946,
        "rr": 0.002472790793696938,
        "apr": 0.9025686396993824
    },
    "7/9/2021": {
        "tvl": 244694.75740188872,
        "revenue": -29.037733476002032,
        "volume": 104277.11183562658,
        "rr": -0.00011866920968932005,
        "apr": -0.04331426153660182
    },
    "7/10/2021": {
        "tvl": 228702.9051747079,
        "revenue": 219.3619833465322,
        "volume": 69591.1735490624,
        "rr": 0.0009591569603322699,
        "apr": 0.35009229052127855
    },
    "7/11/2021": {
        "tvl": 236643.03202087525,
        "revenue": 106.50815695448854,
        "volume": 40086.26906362746,
        "rr": 0.0004500794130506789,
        "apr": 0.1642789857634978
    },
    "7/12/2021": {
        "tvl": 240195.46895239508,
        "revenue": 330.50042536845297,
        "volume": 149456.0262836791,
        "rr": 0.0013759644459985865,
        "apr": 0.5022270227894841
    },
    "7/13/2021": {
        "tvl": 229063.70977624465,
        "revenue": 167.08935819557348,
        "volume": 53239.88043781021,
        "rr": 0.0007294449145121708,
        "apr": 0.26624739379694234
    },
    "7/14/2021": {
        "tvl": 241134.63252601758,
        "revenue": 312.2838535079167,
        "volume": 84497.30641676082,
        "rr": 0.0012950601505746894,
        "apr": 0.4726969549597616
    },
    "7/15/2021": {
        "tvl": 241760.3572745523,
        "revenue": 115.97631326628901,
        "volume": 37248.29005815619,
        "rr": 0.00047971600709781326,
        "apr": 0.17509634259070184
    },
    "7/16/2021": {
        "tvl": 239878.1437565621,
        "revenue": 256.4156893398994,
        "volume": 88464.42887780313,
        "rr": 0.001068941443869602,
        "apr": 0.3901636270124047
    },
    "7/17/2021": {
        "tvl": 243384.5117308853,
        "revenue": 190.2194807360928,
        "volume": 64757.024553561576,
        "rr": 0.0007815595141338408,
        "apr": 0.2852692226588519
    },
    "7/18/2021": {
        "tvl": 234477.4736754329,
        "revenue": 155.73260736752022,
        "volume": 47022.95760219453,
        "rr": 0.0006641687362389768,
        "apr": 0.24242158872722652
    },
    "7/19/2021": {
        "tvl": 222353.39238570037,
        "revenue": 163.95517558904763,
        "volume": 41978.59199812319,
        "rr": 0.0007373630500075593,
        "apr": 0.26913751325275914
    },
    "7/20/2021": {
        "tvl": 224534.61245930626,
        "revenue": 495.5947859594105,
        "volume": 107360.42838037395,
        "rr": 0.00220720885983327,
        "apr": 0.8056312338391435
    },
    "7/21/2021": {
        "tvl": 243936.12399790352,
        "revenue": 335.248966506871,
        "volume": 123155.92671991687,
        "rr": 0.001374330956040575,
        "apr": 0.5016307989548099
    },
    "7/22/2021": {
        "tvl": 252474.0385759483,
        "revenue": 353.268238465638,
        "volume": 102515.18297456857,
        "rr": 0.0013992259974855558,
        "apr": 0.5107174890822279
    },
    "7/23/2021": {
        "tvl": 261856.89770632668,
        "revenue": 158.93742373466773,
        "volume": 56343.57861265912,
        "rr": 0.0006069629065601951,
        "apr": 0.22154146089447124
    },
    "7/24/2021": {
        "tvl": 269706.5150681921,
        "revenue": 273.7710349551568,
        "volume": 92539.35586285885,
        "rr": 0.001015070158338359,
        "apr": 0.3705006077935011
    },
    "7/25/2021": {
        "tvl": 280877.64012099756,
        "revenue": 199.5376652753074,
        "volume": 66647.61943223097,
        "rr": 0.0007104077960401184,
        "apr": 0.25929884555464316
    },
    "7/26/2021": {
        "tvl": 273863.54651352053,
        "revenue": 304.0169454504341,
        "volume": 95780.13970369055,
        "rr": 0.0011101037334862122,
        "apr": 0.4051878627224675
    },
    "7/27/2021": {
        "tvl": 276360.4939968584,
        "revenue": 137.55505685644135,
        "volume": 54210.431502066815,
        "rr": 0.0004977377731058949,
        "apr": 0.18167428718365167
    },
    "7/28/2021": {
        "tvl": 273346.01442688826,
        "revenue": 135.37237665257274,
        "volume": 42759.08301619642,
        "rr": 0.0004952418162613479,
        "apr": 0.18076326293539197
    },
    "7/29/2021": {
        "tvl": 280571.5775150963,
        "revenue": 378.2169399171979,
        "volume": 77280.67614400186,
        "rr": 0.0013480230009999775,
        "apr": 0.4920283953649918
    },
    "7/30/2021": {
        "tvl": 286837.81940783374,
        "revenue": 186.97996340509516,
        "volume": 67867.92519254891,
        "rr": 0.0006518664930276924,
        "apr": 0.23793126995510772
    },
    "7/31/2021": {
        "tvl": 294803.7499394732,
        "revenue": 148.59678710041547,
        "volume": 52648.04499259616,
        "rr": 0.0005040532460354532,
        "apr": 0.18397943480294038
    },
    "8/1/2021": {
        "tvl": 290231.3228442234,
        "revenue": 210.32969154182913,
        "volume": 69748.54716822469,
        "rr": 0.0007246967332148361,
        "apr": 0.26451430762341516
    },
    "8/2/2021": {
        "tvl": 316102.4894364939,
        "revenue": 314.6366273691132,
        "volume": 83165.39221482229,
        "rr": 0.0009953627000217752,
        "apr": 0.36330738550794794
    },
    "8/3/2021": {
        "tvl": 313521.127887694,
        "revenue": 74.93617634213912,
        "volume": 24796.89771188851,
        "rr": 0.00023901475746470878,
        "apr": 0.0872403864746187
    },
    "8/4/2021": {
        "tvl": 323540.92788880016,
        "revenue": 194.42938389933312,
        "volume": 65624.1047736138,
        "rr": 0.0006009421595222654,
        "apr": 0.2193438882256269
    },
    "8/5/2021": {
        "tvl": 322983.9584820936,
        "revenue": 70.33653027927978,
        "volume": 23913.2756981099,
        "rr": 0.00021777097107186295,
        "apr": 0.07948640444122998
    },
    "8/6/2021": {
        "tvl": 336780.7144458678,
        "revenue": 135.55007616578604,
        "volume": 48325.61785411064,
        "rr": 0.0004024876435956774,
        "apr": 0.14690798991242224
    },
    "8/7/2021": {
        "tvl": 297387.42251319694,
        "revenue": 534.9308291443607,
        "volume": 57832.99431117286,
        "rr": 0.001798767495355734,
        "apr": 0.6565501358048429
    },
    "8/8/2021": {
        "tvl": 271607.4359982021,
        "revenue": 327.4632095080095,
        "volume": 71391.16333971998,
        "rr": 0.0012056489112845096,
        "apr": 0.440061852618846
    },
    "8/9/2021": {
        "tvl": 278630.27987629786,
        "revenue": 247.2999934561829,
        "volume": 81956.6514148415,
        "rr": 0.0008875560601883453,
        "apr": 0.323957961968746
    },
    "8/10/2021": {
        "tvl": 274372.60657250404,
        "revenue": 550.9358277604914,
        "volume": 146122.05400718105,
        "rr": 0.0020079840864685753,
        "apr": 0.7329141915610301
    },
    "8/11/2021": {
        "tvl": 284514.3283412155,
        "revenue": 103.33140126851872,
        "volume": 35326.54568899876,
        "rr": 0.0003631852282131615,
        "apr": 0.13256260829780397
    },
    "8/12/2021": {
        "tvl": 276880.3738862101,
        "revenue": 113.28817767169905,
        "volume": 35447.20244264907,
        "rr": 0.0004091592917245093,
        "apr": 0.1493431414794459
    },
    "8/13/2021": {
        "tvl": 288821.0288177709,
        "revenue": 221.35313502675902,
        "volume": 63224.703550011094,
        "rr": 0.0007664024185940417,
        "apr": 0.27973688278682524
    },
    "8/14/2021": {
        "tvl": 310419.7907828242,
        "revenue": 211.98595709184826,
        "volume": 65853.12456672352,
        "rr": 0.0006829009083385338,
        "apr": 0.24925883154356482
    },
    "8/15/2021": {
        "tvl": 313740.3532220079,
        "revenue": 181.79198569325095,
        "volume": 64091.03567635636,
        "rr": 0.0005794345031689688,
        "apr": 0.2114935936566736
    },
    "8/16/2021": {
        "tvl": 307990.3923108582,
        "revenue": 152.0860304612397,
        "volume": 51458.21522587831,
        "rr": 0.0004938012167202201,
        "apr": 0.18023744410288034
    },
    "8/17/2021": {
        "tvl": 283853.58545407496,
        "revenue": 176.49656750511133,
        "volume": 56033.31334455418,
        "rr": 0.0006217873458345551,
        "apr": 0.22695238122961262
    },
    "8/18/2021": {
        "tvl": 286298.0555926664,
        "revenue": 172.5764084196508,
        "volume": 56328.23006397317,
        "rr": 0.0006027858207503362,
        "apr": 0.22001682457387273
    },
    "8/19/2021": {
        "tvl": 296013.1681533164,
        "revenue": 333.00442996541045,
        "volume": 109390.67434719244,
        "rr": 0.0011249649197799703,
        "apr": 0.41061219571968915
    },
    "8/20/2021": {
        "tvl": 309906.7673980806,
        "revenue": 129.4427902162621,
        "volume": 183715.9964623997,
        "rr": 0.0004176830060957997,
        "apr": 0.15245429722496692
    },
    "8/21/2021": {
        "tvl": 314041.5476914066,
        "revenue": 741.0904716310582,
        "volume": 182664.8477602189,
        "rr": 0.002359848488453164,
        "apr": 0.8613446982854049
    },
    "8/22/2021": {
        "tvl": 312504.5812459758,
        "revenue": 337.1945980845808,
        "volume": 115192.27322695284,
        "rr": 0.0010790068956434632,
        "apr": 0.39383751690986407
    },
    "8/23/2021": {
        "tvl": 334071.48326165345,
        "revenue": 888.3614796321746,
        "volume": 215560.16705101513,
        "rr": 0.0026591957833658818,
        "apr": 0.9706064609285467
    },
    "8/24/2021": {
        "tvl": 339932.54185779736,
        "revenue": -293.72794110574637,
        "volume": 122985.74340909853,
        "rr": -0.0008640771474848102,
        "apr": -0.3153881588319557
    },
    "8/25/2021": {
        "tvl": 360854.5764025277,
        "revenue": 778.9668676066486,
        "volume": 276734.82176335313,
        "rr": 0.0021586725471862194,
        "apr": 0.78791547972297
    },
    "8/26/2021": {
        "tvl": 359036.33306103566,
        "revenue": 1160.9523669770717,
        "volume": 748705.1615527365,
        "rr": 0.0032335233514645756,
        "apr": 1.1802360232845703
    },
    "8/27/2021": {
        "tvl": 407742.31923408277,
        "revenue": 1544.8524654466548,
        "volume": 559213.0036011718,
        "rr": 0.003788795993382681,
        "apr": 1.3829105375846784
    },
    "8/28/2021": {
        "tvl": 421771.18196330225,
        "revenue": 794.7431307301388,
        "volume": 297715.3300236855,
        "rr": 0.0018842992710661022,
        "apr": 0.6877692339391273
    },
    "8/29/2021": {
        "tvl": 415453.6777294541,
        "revenue": 880.8578150332668,
        "volume": 406805.10465872573,
        "rr": 0.002120231116612925,
        "apr": 0.7738843575637175
    },
    "8/30/2021": {
        "tvl": 411334.1585116837,
        "revenue": 578.9197554441611,
        "volume": 204968.85934584818,
        "rr": 0.0014074195966093518,
        "apr": 0.5137081527624134
    },
    "8/31/2021": {
        "tvl": 445824.7228027822,
        "revenue": 316.4406154508825,
        "volume": 83916.66005880665,
        "rr": 0.0007097870514257351,
        "apr": 0.2590722737703933
    },
    "9/1/2021": {
        "tvl": 432516.2745697367,
        "revenue": 489.2535536984014,
        "volume": 205452.7450492876,
        "rr": 0.0011311795242505186,
        "apr": 0.41288052635143924
    },
    "9/2/2021": {
        "tvl": 426861.1120090992,
        "revenue": 262.4687506675615,
        "volume": 106283.39063539526,
        "rr": 0.0006148809139164838,
        "apr": 0.2244315335795166
    },
    "9/3/2021": {
        "tvl": 426565.0325003464,
        "revenue": 256.5165975580882,
        "volume": 102890.51040691024,
        "rr": 0.0006013540211078598,
        "apr": 0.21949421770436883
    },
    "9/4/2021": {
        "tvl": 427849.6503399749,
        "revenue": 709.1898745280645,
        "volume": 293427.10614436085,
        "rr": 0.001657567965673299,
        "apr": 0.6050123074707542
    },
    "9/5/2021": {
        "tvl": 434214.5293533164,
        "revenue": 836.5042410698871,
        "volume": 270938.3378201147,
        "rr": 0.0019264768553823109,
        "apr": 0.7031640522145435
    },
    "9/6/2021": {
        "tvl": 441776.3773834849,
        "revenue": 505.5894463142141,
        "volume": 192373.57907957459,
        "rr": 0.0011444465394656812,
        "apr": 0.4177229869049736
    },
    "9/7/2021": {
        "tvl": 391138.07238703966,
        "revenue": 704.336444651358,
        "volume": 630163.0926323105,
        "rr": 0.001800736093914176,
        "apr": 0.6572686742786742
    },
    "9/8/2021": {
        "tvl": 372821.06567199685,
        "revenue": 772.1233617898212,
        "volume": 240193.32673228226,
        "rr": 0.002071029329842443,
        "apr": 0.7559257053924918
    },
    "9/9/2021": {
        "tvl": 512447.50710237987,
        "revenue": 1163.4955281684004,
        "volume": 556486.7313344307,
        "rr": 0.0022704677299482893,
        "apr": 0.8287207214311256
    },
    "9/10/2021": {
        "tvl": 475075.55328738946,
        "revenue": 1109.5242737819362,
        "volume": 560127.0142256174,
        "rr": 0.0023354690977137,
        "apr": 0.8524462206655005
    },
    "9/11/2021": {
        "tvl": 465116.3106359081,
        "revenue": 531.8172413315483,
        "volume": 173062.86232509726,
        "rr": 0.001143406991262995,
        "apr": 0.4173435518109932
    },
    "9/12/2021": {
        "tvl": 508732.9186429955,
        "revenue": 1110.2079155144163,
        "volume": 336560.290466627,
        "rr": 0.0021823001320138815,
        "apr": 0.7965395481850668
    },
    "9/13/2021": {
        "tvl": 517544.70333849196,
        "revenue": 1714.3986706833548,
        "volume": 569896.7767786022,
        "rr": 0.003312561522945544,
        "apr": 1.2090849558751235
    },
    "9/14/2021": {
        "tvl": 631609.0196298733,
        "revenue": 752.5692739572676,
        "volume": 305394.22460658866,
        "rr": 0.001191511283987486,
        "apr": 0.43490161865543236
    },
    "9/15/2021": {
        "tvl": 487793.14284579013,
        "revenue": 433.97853847622133,
        "volume": 217324.19237366223,
        "rr": 0.0008896774069934361,
        "apr": 0.32473225355260416
    },
    "9/16/2021": {
        "tvl": 535919.664929129,
        "revenue": 673.5106710854299,
        "volume": 220945.04755214523,
        "rr": 0.0012567381179686627,
        "apr": 0.45870941305856194
    },
    "9/17/2021": {
        "tvl": 507475.62706404284,
        "revenue": 642.5515462911878,
        "volume": 305458.5005834074,
        "rr": 0.0012661722298046415,
        "apr": 0.4621528638786942
    },
    "9/18/2021": {
        "tvl": 523684.0913019965,
        "revenue": 398.78748382236427,
        "volume": 137606.86171095545,
        "rr": 0.0007615039113196829,
        "apr": 0.2779489276316843
    },
    "9/19/2021": {
        "tvl": 499332.1869690952,
        "revenue": 488.9322850746517,
        "volume": 159551.77594289804,
        "rr": 0.0009791723782967606,
        "apr": 0.35739791807831767
    },
    "9/20/2021": {
        "tvl": 468101.7936187295,
        "revenue": 1282.7193411411238,
        "volume": 417422.08078992355,
        "rr": 0.0027402572658926897,
        "apr": 1.0001939020508317
    },
    "9/21/2021": {
        "tvl": 563265.382660244,
        "revenue": 1245.486959566512,
        "volume": 415908.9994148214,
        "rr": 0.002211190316160042,
        "apr": 0.8070844653984154
    },
    "9/22/2021": {
        "tvl": 620432.5315081797,
        "revenue": 699.2086057134866,
        "volume": 249221.6862411314,
        "rr": 0.001126969606209742,
        "apr": 0.41134390626655576
    },
    "9/23/2021": {
        "tvl": 648709.9660676292,
        "revenue": 609.8052002781225,
        "volume": 219797.07321930313,
        "rr": 0.0009400274886705674,
        "apr": 0.3431100333647571
    },
    "9/24/2021": {
        "tvl": 687045.3392971713,
        "revenue": 2104.4454156664456,
        "volume": 751284.3569894783,
        "rr": 0.003063037175711338,
        "apr": 1.1180085691346384
    },
    "9/25/2021": {
        "tvl": 662988.5100260194,
        "revenue": 770.0274404527755,
        "volume": 258397.80895316647,
        "rr": 0.0011614491485268052,
        "apr": 0.4239289392122839
    },
    "9/26/2021": {
        "tvl": 640700.0888583035,
        "revenue": 483.55893220877766,
        "volume": 183497.15466289042,
        "rr": 0.000754735235124528,
        "apr": 0.27547836082045274
    },
    "9/27/2021": {
        "tvl": 621120.0630651128,
        "revenue": 720.1621594485666,
        "volume": 206153.27449079725,
        "rr": 0.0011594572487236999,
        "apr": 0.4232018957841504
    },
    "9/28/2021": {
        "tvl": 601101.1548170795,
        "revenue": 586.9755757833266,
        "volume": 195014.38242146772,
        "rr": 0.0009765004959305868,
        "apr": 0.3564226810146642
    },
    "9/29/2021": {
        "tvl": 615597.2315711358,
        "revenue": 703.9975628847014,
        "volume": 230926.94841133285,
        "rr": 0.0011436009240781493,
        "apr": 0.41741433728852456
    },
    "9/30/2021": {
        "tvl": 637698.6640283564,
        "revenue": 439.5392421919775,
        "volume": 156302.50455990754,
        "rr": 0.000689258527555003,
        "apr": 0.25157936255757607
    },
    "10/1/2021": {
        "tvl": 651813.7646363055,
        "revenue": 826.6879124692763,
        "volume": 292583.7332510119,
        "rr": 0.0012682885163226736,
        "apr": 0.46292530845777585
    },
    "10/2/2021": {
        "tvl": 710274.3940617158,
        "revenue": 1717.1804766310854,
        "volume": 545261.3033556676,
        "rr": 0.002417629709007755,
        "apr": 0.8824348437878305
    },
    "10/3/2021": {
        "tvl": 741782.988719448,
        "revenue": 2348.8602878389265,
        "volume": 824871.1794003025,
        "rr": 0.003166506004530789,
        "apr": 1.155774691653738
    },
    "10/4/2021": {
        "tvl": 735533.6545518555,
        "revenue": 1507.5738688642693,
        "volume": 495398.0818150756,
        "rr": 0.002049632752403153,
        "apr": 0.7481159546271509
    },
    "10/5/2021": {
        "tvl": 706321.2595458643,
        "revenue": 886.5402496850136,
        "volume": 445792.256156675,
        "rr": 0.0012551515867652388,
        "apr": 0.4581303291693121
    },
    "10/6/2021": {
        "tvl": 704844.4172516755,
        "revenue": 1079.3815010986496,
        "volume": 329688.0178532515,
        "rr": 0.0015313755414384446,
        "apr": 0.5589520726250322
    },
    "10/7/2021": {
        "tvl": 705795.0150758856,
        "revenue": 452.5575790335707,
        "volume": 154921.32717621097,
        "rr": 0.0006412025720880342,
        "apr": 0.23403893881213245
    },
    "10/8/2021": {
        "tvl": 699323.8017315898,
        "revenue": 465.26063221265747,
        "volume": 141253.39483850703,
        "rr": 0.0006653007248725547,
        "apr": 0.2428347645784825
    },
    "10/9/2021": {
        "tvl": 746789.0985998309,
        "revenue": 447.3309129563451,
        "volume": 133457.73221060625,
        "rr": 0.0005990056815171169,
        "apr": 0.2186370737537477
    },
    "10/10/2021": {
        "tvl": 708207.541451815,
        "revenue": 474.858287218355,
        "volume": 188516.57729526988,
        "rr": 0.0006705072445923161,
        "apr": 0.2447351442761954
    },
    "10/11/2021": {
        "tvl": 677715.562375154,
        "revenue": 628.8138898848168,
        "volume": 202447.45317183665,
        "rr": 0.0009278433679183136,
        "apr": 0.3386628292901845
    },
    "10/12/2021": {
        "tvl": 705337.5343959603,
        "revenue": 640.0695263588958,
        "volume": 231980.4911613778,
        "rr": 0.0009074655681085242,
        "apr": 0.3312249323596113
    },
    "10/13/2021": {
        "tvl": 705327.9821439277,
        "revenue": 398.56349918532516,
        "volume": 129833.64279933184,
        "rr": 0.0005650754106959493,
        "apr": 0.2062525249040215
    },
    "10/14/2021": {
        "tvl": 699343.7673581355,
        "revenue": 570.9030871021855,
        "volume": 207644.23069542885,
        "rr": 0.0008163411382914702,
        "apr": 0.29796451547638664
    },
    "10/15/2021": {
        "tvl": 693991.5838462422,
        "revenue": 283.81917995417,
        "volume": 86290.83121258883,
        "rr": 0.0004089663139445965,
        "apr": 0.1492727045897777
    },
    "10/16/2021": {
        "tvl": 692602.9495068897,
        "revenue": 230.33957752543552,
        "volume": 96938.30467291619,
        "rr": 0.00033257088738855307,
        "apr": 0.12138837389682187
    },
    "10/17/2021": {
        "tvl": 677983.8215277946,
        "revenue": 209.15653932161086,
        "volume": 69309.23665047952,
        "rr": 0.00030849783236757707,
        "apr": 0.11260170881416563
    },
    "10/18/2021": {
        "tvl": 681852.1873756734,
        "revenue": 95.75973724549827,
        "volume": 33680.87125824102,
        "rr": 0.00014044061017690694,
        "apr": 0.051260822714571046
    },
    "10/19/2021": {
        "tvl": 678177.8121633909,
        "revenue": 233.33553249326147,
        "volume": 79739.81969727812,
        "rr": 0.00034406246902846885,
        "apr": 0.12558280119539114
    },
    "10/20/2021": {
        "tvl": 698919.9051404629,
        "revenue": 155.20803914107066,
        "volume": 51311.05396833188,
        "rr": 0.0002220684201430467,
        "apr": 0.08105497335221204
    },
    "10/21/2021": {
        "tvl": 681345.3056892044,
        "revenue": 281.5540477684745,
        "volume": 89938.08964562054,
        "rr": 0.00041323253483587565,
        "apr": 0.1508298752150946
    },
    "10/22/2021": {
        "tvl": 681904.9850186575,
        "revenue": 217.95050030213827,
        "volume": 77637.03269529321,
        "rr": 0.00031962004251395075,
        "apr": 0.11666131551759201
    },
    "10/23/2021": {
        "tvl": 680120.6711630702,
        "revenue": 172.13420286908806,
        "volume": 56796.749261804325,
        "rr": 0.00025309362024642244,
        "apr": 0.0923791713899442
    },
    "10/24/2021": {
        "tvl": 673538.4898954878,
        "revenue": 415.67449729477494,
        "volume": 136446.32208250178,
        "rr": 0.0006171503240435074,
        "apr": 0.22525986827588024
    },
    "10/25/2021": {
        "tvl": 577505.4178392352,
        "revenue": 191.35628725770255,
        "volume": 76622.06289010627,
        "rr": 0.00033134976979726265,
        "apr": 0.12094266597600088
    },
    "10/26/2021": {
        "tvl": 577753.1219279363,
        "revenue": 228.01432095984575,
        "volume": 96090.0188308338,
        "rr": 0.0003946570123221008,
        "apr": 0.14404980949756677
    },
    "10/27/2021": {
        "tvl": 543523.2054983564,
        "revenue": 734.3700271563592,
        "volume": 236336.46889442994,
        "rr": 0.001351129114134171,
        "apr": 0.49316212665897236
    },
    "10/28/2021": {
        "tvl": 556102.4086672857,
        "revenue": 331.43665877760907,
        "volume": 79240.16548506383,
        "rr": 0.0005959993224483705,
        "apr": 0.2175397526936552
    },
    "10/29/2021": {
        "tvl": 575971.904525237,
        "revenue": 180.87653950743996,
        "volume": 61272.70700490362,
        "rr": 0.00031403708772311233,
        "apr": 0.114623537018936
    },
    "10/30/2021": {
        "tvl": 564146.3632581002,
        "revenue": 160.36546391387088,
        "volume": 52655.73571331882,
        "rr": 0.00028426216024457957,
        "apr": 0.10375568848927154
    },
    "10/31/2021": {
        "tvl": 551699.912525889,
        "revenue": 234.4632591318101,
        "volume": 63480.88368457865,
        "rr": 0.00042498331757630594,
        "apr": 0.15511891091535168
    },
    "11/1/2021": {
        "tvl": 627427.2554065603,
        "revenue": 256.02750669006434,
        "volume": 78440.93069268239,
        "rr": 0.0004080592682002054,
        "apr": 0.14894163289307497
    },
    "11/2/2021": {
        "tvl": 721948.2545303078,
        "revenue": 468.2231373781701,
        "volume": 149216.4992694687,
        "rr": 0.0006485549822165458,
        "apr": 0.23672256850903922
    },
    "11/3/2021": {
        "tvl": 776009.6846208877,
        "revenue": 629.875039031493,
        "volume": 213789.04986387628,
        "rr": 0.0008116845079571558,
        "apr": 0.29626484540436193
    },
    "11/4/2021": {
        "tvl": 796679.6876630955,
        "revenue": 208.99698942920924,
        "volume": 68682.02682166423,
        "rr": 0.0002623350295804091,
        "apr": 0.0957522857968493
    },
    "11/5/2021": {
        "tvl": 792584.3833704497,
        "revenue": 238.71439724221528,
        "volume": 86081.10214267235,
        "rr": 0.0003011848356475142,
        "apr": 0.1099324650113427
    },
    "11/6/2021": {
        "tvl": 784588.8510113189,
        "revenue": 153.20460485838984,
        "volume": 57124.31450129652,
        "rr": 0.0001952673743208462,
        "apr": 0.07127259162710887
    },
    "11/7/2021": {
        "tvl": 803092.7391615979,
        "revenue": 271.0711564313821,
        "volume": 91362.6767551503,
        "rr": 0.0003375340645146056,
        "apr": 0.12319993354783104
    },
    "11/8/2021": {
        "tvl": 746520.1950541845,
        "revenue": 192.0543277368914,
        "volume": 66245.20908248838,
        "rr": 0.00025726608470779755,
        "apr": 0.09390212091834611
    },
    "11/9/2021": {
        "tvl": 725534.2918326816,
        "revenue": 85.5639375742371,
        "volume": 32785.267235532,
        "rr": 0.00011793231352043294,
        "apr": 0.043045294434958026
    },
    "11/10/2021": {
        "tvl": 724240.0973556578,
        "revenue": 448.0023720432553,
        "volume": 157737.3156642948,
        "rr": 0.0006185826684810736,
        "apr": 0.22578267399559182
    },
    "11/11/2021": {
        "tvl": 724121.2800561188,
        "revenue": 437.9867128733425,
        "volume": 116478.04971606306,
        "rr": 0.0006048527020769212,
        "apr": 0.22077123625807626
    },
    "11/12/2021": {
        "tvl": 706520.1910794361,
        "revenue": 427.3888809438534,
        "volume": 65138.50476341608,
        "rr": 0.0006049209723091988,
        "apr": 0.22079615489285756
    },
    "11/13/2021": {
        "tvl": 724601.0726274262,
        "revenue": 134.0310310329081,
        "volume": 45851.88968117126,
        "rr": 0.00018497216757754355,
        "apr": 0.06751484116580339
    },
    "11/14/2021": {
        "tvl": 703887.1035498497,
        "revenue": 175.6124556633873,
        "volume": 53359.83228686241,
        "rr": 0.00024948952009169794,
        "apr": 0.09106367483346973
    },
    "11/15/2021": {
        "tvl": 682445.0318450864,
        "revenue": 253.23521582071973,
        "volume": 50400.27276501151,
        "rr": 0.00037107049506399456,
        "apr": 0.13544073069835802
    },
    "11/16/2021": {
        "tvl": 662733.7079004605,
        "revenue": 333.02669508545677,
        "volume": 118019.36163509826,
        "rr": 0.0005025045370643436,
        "apr": 0.1834141560284854
    },
    "11/17/2021": {
        "tvl": 669526.7150548779,
        "revenue": 89.91646351813435,
        "volume": 45040.11160320846,
        "rr": 0.00013429854477242827,
        "apr": 0.04901896884193632
    },
    "11/18/2021": {
        "tvl": 641365.6250785174,
        "revenue": 337.33379654285096,
        "volume": 85996.57707718914,
        "rr": 0.0005259617655710093,
        "apr": 0.19197604443341837
    },
    "11/19/2021": {
        "tvl": 511962.17933295347,
        "revenue": 495.8259383949232,
        "volume": 107316.71100616631,
        "rr": 0.000968481576199526,
        "apr": 0.353495775312827
    },
    "11/20/2021": {
        "tvl": 518085.4901666969,
        "revenue": 77.60933028251839,
        "volume": 30228.72241738602,
        "rr": 0.0001498002390639181,
        "apr": 0.054677087258330107
    },
    "11/21/2021": {
        "tvl": 495092.3338231048,
        "revenue": 54.351296579736875,
        "volume": 39920.13886289857,
        "rr": 0.00010978012153821079,
        "apr": 0.04006974436144694
    },
    "11/22/2021": {
        "tvl": 494167.7315501748,
        "revenue": 125.5825713208124,
        "volume": 49391.76641602857,
        "rr": 0.00025412944492929015,
        "apr": 0.09275724739919092
    },
    "11/23/2021": {
        "tvl": 370998.684059194,
        "revenue": 328.6843587474629,
        "volume": 86537.86419353126,
        "rr": 0.0008859448102382495,
        "apr": 0.3233698557369611
    },
    "11/24/2021": {
        "tvl": 370155.17005102884,
        "revenue": 77.01332366302418,
        "volume": 25721.89736492983,
        "rr": 0.0002080568634294836,
        "apr": 0.07594075515176152
    },
    "11/25/2021": {
        "tvl": 375123.05641801184,
        "revenue": 85.43159955164886,
        "volume": 27668.383492656896,
        "rr": 0.00022774286488125018,
        "apr": 0.08312614568165631
    },
    "11/26/2021": {
        "tvl": 361499.47180889023,
        "revenue": 273.12936999791765,
        "volume": 83951.22221545178,
        "rr": 0.000755545695907157,
        "apr": 0.2757741790061123
    },
    "11/27/2021": {
        "tvl": 351062.65857837413,
        "revenue": 59.87478640458599,
        "volume": 26628.509698312893,
        "rr": 0.00017055299087361935,
        "apr": 0.06225184166887106
    },
    "11/28/2021": {
        "tvl": 354651.8513454312,
        "revenue": 137.13828141839218,
        "volume": 30086.99772298118,
        "rr": 0.0003866842394820023,
        "apr": 0.14113974741093085
    },
    "11/29/2021": {
        "tvl": 379776.45658869104,
        "revenue": 700.1753415000388,
        "volume": 156237.84856847263,
        "rr": 0.0018436512568190848,
        "apr": 0.6729327087389659
    },
    "11/30/2021": {
        "tvl": 379790.31295488676,
        "revenue": 90.88362706914425,
        "volume": 79403.60719902915,
        "rr": 0.00023929948703020192,
        "apr": 0.08734431276602371
    },
    "12/1/2021": {
        "tvl": 369348.8897143718,
        "revenue": 323.9034551829028,
        "volume": 70201.61678140354,
        "rr": 0.0008769579771402229,
        "apr": 0.32008966165618136
    },
    "12/2/2021": {
        "tvl": 367296.08414763847,
        "revenue": 133.5941707183776,
        "volume": 37178.59299683967,
        "rr": 0.00036372337327908466,
        "apr": 0.1327590312468659
    },
    "12/3/2021": {
        "tvl": 345286.9263835448,
        "revenue": 272.2646573279971,
        "volume": 95251.2842207592,
        "rr": 0.0007885171332133365,
        "apr": 0.28780875362286784
    },
    "12/4/2021": {
        "tvl": 331705.80773918837,
        "revenue": 392.0873864065375,
        "volume": 138911.9053590119,
        "rr": 0.001182033528682819,
        "apr": 0.43144223796922887
    },
    "12/5/2021": {
        "tvl": 326538.94822367455,
        "revenue": 539.4448977711634,
        "volume": 169631.75279686696,
        "rr": 0.0016520078254237875,
        "apr": 0.6029828562796825
    },
    "12/6/2021": {
        "tvl": 335056.99328251206,
        "revenue": 385.6489876338308,
        "volume": 136556.4237346718,
        "rr": 0.001150995189969549,
        "apr": 0.4201132443388853
    },
    "12/7/2021": {
        "tvl": 386887.9315610604,
        "revenue": 1415.5382170499336,
        "volume": 292095.00560983963,
        "rr": 0.003658781010145122,
        "apr": 1.3354550687029696
    },
    "12/8/2021": {
        "tvl": 381383.75953495485,
        "revenue": 517.3057118956509,
        "volume": 161274.07854821044,
        "rr": 0.0013563915582730482,
        "apr": 0.4950829187696626
    },
    "12/9/2021": {
        "tvl": 364644.5227881342,
        "revenue": 488.9405135579574,
        "volume": 91739.73213939062,
        "rr": 0.0013408689367371675,
        "apr": 0.48941716190906615
    },
    "12/10/2021": {
        "tvl": 349677.80245753966,
        "revenue": 162.6158079998182,
        "volume": 93284.42900884464,
        "rr": 0.0004650446978817426,
        "apr": 0.16974131472683604
    },
    "12/11/2021": {
        "tvl": 348646.55693811196,
        "revenue": 477.28143308651903,
        "volume": 89946.32037596135,
        "rr": 0.0013689549590797795,
        "apr": 0.49966856006411947
    },
    "12/12/2021": {
        "tvl": 345443.63415907463,
        "revenue": 98.90420407306891,
        "volume": 32067.252562087346,
        "rr": 0.0002863106865866405,
        "apr": 0.10450340060412376
    },
    "12/13/2021": {
        "tvl": 349370.1469538096,
        "revenue": 151.79315499159645,
        "volume": 82427.45097586597,
        "rr": 0.000434476604011805,
        "apr": 0.15858396046430884
    },
    "12/14/2021": {
        "tvl": 348106.53262579656,
        "revenue": 185.21867730400848,
        "volume": 86457.54224341613,
        "rr": 0.0005320746953723866,
        "apr": 0.19420726381092113
    },
    "12/15/2021": {
        "tvl": 348092.32090741844,
        "revenue": 154.24065474819588,
        "volume": 60863.6745361871,
        "rr": 0.00044310272155994793,
        "apr": 0.161732493369381
    },
    "12/16/2021": {
        "tvl": 342120.43168571615,
        "revenue": 97.31640887531995,
        "volume": 48197.097718237696,
        "rr": 0.0002844507368233366,
        "apr": 0.10382451894051786
    },
    "12/17/2021": {
        "tvl": 336729.78801315575,
        "revenue": 156.31342939731692,
        "volume": 43036.988225286004,
        "rr": 0.0004642102806515291,
        "apr": 0.16943675243780812
    },
    "12/18/2021": {
        "tvl": 341763.4182871947,
        "revenue": 245.41394536283184,
        "volume": 53460.226151432085,
        "rr": 0.0007180813751008386,
        "apr": 0.2620997019118061
    },
    "12/19/2021": {
        "tvl": 338419.44835546013,
        "revenue": 45.2858393037993,
        "volume": 15881.185277575925,
        "rr": 0.00013381571160837408,
        "apr": 0.04884273473705654
    },
    "12/20/2021": {
        "tvl": 338947.7684394741,
        "revenue": 160.30900370613003,
        "volume": 40542.21925067993,
        "rr": 0.00047296078815977337,
        "apr": 0.17263068767831727
    },
    "12/21/2021": {
        "tvl": 343396.5037019116,
        "revenue": 52.80093371299559,
        "volume": 20874.49057860134,
        "rr": 0.00015376083665321737,
        "apr": 0.05612270537842434
    },
    "12/22/2021": {
        "tvl": 352849.8210204413,
        "revenue": 95.64418933901936,
        "volume": 30674.782804266622,
        "rr": 0.000271062031609982,
        "apr": 0.09893764153764345
    },
    "12/23/2021": {
        "tvl": 360958.5077125681,
        "revenue": 245.01927478087558,
        "volume": 61297.8527669211,
        "rr": 0.0006788017723521421,
        "apr": 0.24776264690853186
    },
    "12/24/2021": {
        "tvl": 356976.2851006727,
        "revenue": 68.58579967861873,
        "volume": 20083.673669431548,
        "rr": 0.00019212984879171034,
        "apr": 0.07012739480897427
    },
    "12/25/2021": {
        "tvl": 356840.4934567616,
        "revenue": 80.08374066838444,
        "volume": 29783.201170287197,
        "rr": 0.00022442447574433757,
        "apr": 0.08191493364668322
    },
    "12/26/2021": {
        "tvl": 371753.2202705227,
        "revenue": 250.95927246131038,
        "volume": 74848.51831755895,
        "rr": 0.000675069532090909,
        "apr": 0.24640037921318178
    },
    "12/27/2021": {
        "tvl": 366565.63939056004,
        "revenue": 192.91979239164758,
        "volume": 64470.59168483747,
        "rr": 0.0005262898964354369,
        "apr": 0.19209581219893448
    },
    "12/28/2021": {
        "tvl": 359209.16444786603,
        "revenue": 139.92445546612834,
        "volume": 25475.35959602006,
        "rr": 0.0003895347594519302,
        "apr": 0.1421801871999545
    },
    "12/29/2021": {
        "tvl": 350950.71560983843,
        "revenue": 121.37197516469669,
        "volume": 59811.93016068635,
        "rr": 0.00034583766257262533,
        "apr": 0.12623074683900823
    },
    "12/30/2021": {
        "tvl": 353756.7953988149,
        "revenue": 296.9804060525535,
        "volume": 96721.43904551126,
        "rr": 0.0008395044559292398,
        "apr": 0.30641912641417257
    },
    "12/31/2021": {
        "tvl": 363066.19808078173,
        "revenue": 120.82612357417393,
        "volume": 79291.44439344047,
        "rr": 0.00033279364538168956,
        "apr": 0.12146968056431669
    },
    "1/1/2022": {
        "tvl": 366605.11708799354,
        "revenue": 118.12662360726547,
        "volume": 45119.27266592222,
        "rr": 0.00032221760717789544,
        "apr": 0.11760942661993184
    },
    "1/2/2022": {
        "tvl": 354581.1199918718,
        "revenue": 154.8866653846494,
        "volume": 40131.37466848546,
        "rr": 0.0004368158840160467,
        "apr": 0.15943779766585703
    },
    "1/3/2022": {
        "tvl": 387235.1605738175,
        "revenue": 224.2667738118577,
        "volume": 100371.44171078906,
        "rr": 0.0005791487877276742,
        "apr": 0.21138930752060112
    },
    "1/4/2022": {
        "tvl": 410372.7519030091,
        "revenue": 549.5303456849723,
        "volume": 142231.82768730586,
        "rr": 0.001339100471794611,
        "apr": 0.48877167220503304
    },
    "1/5/2022": {
        "tvl": 378632.942034333,
        "revenue": 604.2496117636967,
        "volume": 118110.46787566197,
        "rr": 0.00159587173930816,
        "apr": 0.5824931848474784
    },
    "1/6/2022": {
        "tvl": 361428.28364375303,
        "revenue": 219.58093050731134,
        "volume": 83458.2267270312,
        "rr": 0.0006075366551106566,
        "apr": 0.22175087911538963
    },
    "1/7/2022": {
        "tvl": 373823.97621126735,
        "revenue": 226.52209400961758,
        "volume": 84185.78638609816,
        "rr": 0.0006059592439881335,
        "apr": 0.22117512405566875
    },
    "1/8/2022": {
        "tvl": 364569.0343307301,
        "revenue": 199.19608040854996,
        "volume": 64670.50818022955,
        "rr": 0.0005463878213744371,
        "apr": 0.19943155480166952
    },
    "1/9/2022": {
        "tvl": 369160.96641713026,
        "revenue": 113.33681933872778,
        "volume": 38847.077123580864,
        "rr": 0.00030701192609476434,
        "apr": 0.11205935302458898
    },
    "1/10/2022": {
        "tvl": 361108.5258892843,
        "revenue": 133.78628596513082,
        "volume": 56829.095970204566,
        "rr": 0.0003704877519456564,
        "apr": 0.1352280294601646
    },
    "1/11/2022": {
        "tvl": 368221.6112260316,
        "revenue": 159.85838353904296,
        "volume": 53719.26015798541,
        "rr": 0.0004341363425323627,
        "apr": 0.15845976502431242
    },
    "1/12/2022": {
        "tvl": 371032.41230391833,
        "revenue": 195.28667477134525,
        "volume": 53912.811023740906,
        "rr": 0.0005263331943393208,
        "apr": 0.1921116159338521
    },
    "1/13/2022": {
        "tvl": 367910.0030437046,
        "revenue": 173.94849637086128,
        "volume": 53789.17863656845,
        "rr": 0.00047280175839686984,
        "apr": 0.17257264181485749
    },
    "1/14/2022": {
        "tvl": 369639.92451809964,
        "revenue": 107.51652319022418,
        "volume": 33534.42762387124,
        "rr": 0.00029086826410971083,
        "apr": 0.10616691640004446
    },
    "1/15/2022": {
        "tvl": 366514.97218003,
        "revenue": 18.480421914381125,
        "volume": 5904.270375511421,
        "rr": 0.000050422010878463236,
        "apr": 0.018404033970639083
    },
    "1/16/2022": {
        "tvl": 364829.9323394232,
        "revenue": 35.33019095961089,
        "volume": 11655.938931482195,
        "rr": 0.00009684016531500241,
        "apr": 0.035346660339975876
    },
    "1/17/2022": {
        "tvl": 358396.6003714977,
        "revenue": 83.58401773719395,
        "volume": 23703.86833050782,
        "rr": 0.00023321654739624914,
        "apr": 0.08512403979963093
    },
    "1/18/2022": {
        "tvl": 359037.9482285407,
        "revenue": 146.15950712123472,
        "volume": 49939.64833171447,
        "rr": 0.0004070865150672009,
        "apr": 0.14858657799952832
    },
    "1/19/2022": {
        "tvl": 323419.3946424706,
        "revenue": 103.97605000926268,
        "volume": 31941.378338331808,
        "rr": 0.000321489841770945,
        "apr": 0.1173437922463949
    },
    "1/20/2022": {
        "tvl": 310059.4396149747,
        "revenue": 316.85753780619945,
        "volume": 56006.01567891672,
        "rr": 0.0010219251450614322,
        "apr": 0.3730026779474228
    },
    "1/21/2022": {
        "tvl": 299034.44299065584,
        "revenue": 317.78406798109853,
        "volume": 93670.12707833572,
        "rr": 0.0010627005531634649,
        "apr": 0.38788570190466465
    },
    "1/22/2022": {
        "tvl": 281564.8157429843,
        "revenue": 545.8178948747386,
        "volume": 170859.51624476883,
        "rr": 0.0019385159805370273,
        "apr": 0.707558332896015
    },
    "1/23/2022": {
        "tvl": 282526.77606940013,
        "revenue": 355.61628551277636,
        "volume": 86659.11180149783,
        "rr": 0.0012586994070445997,
        "apr": 0.45942528357127893
    },
    "1/24/2022": {
        "tvl": 277905.411511072,
        "revenue": 682.8898378939546,
        "volume": 229744.07257920172,
        "rr": 0.0024572743444643127,
        "apr": 0.8969051357294742
    },
    "1/25/2022": {
        "tvl": 283635.1361629388,
        "revenue": 210.1903842738117,
        "volume": 80788.12413809077,
        "rr": 0.0007410590490208676,
        "apr": 0.2704865528926167
    },
    "1/26/2022": {
        "tvl": 272754.74813624506,
        "revenue": 399.9026794337244,
        "volume": 87404.74968485496,
        "rr": 0.0014661621187762681,
        "apr": 0.5351491733533379
    },
    "1/27/2022": {
        "tvl": 280904.946157471,
        "revenue": 260.337336887845,
        "volume": 81129.42377379272,
        "rr": 0.0009267808931420664,
        "apr": 0.3382750259968542
    },
    "1/28/2022": {
        "tvl": 288725.84299126297,
        "revenue": 143.3993621457017,
        "volume": 63859.49113836943,
        "rr": 0.0004966627187232459,
        "apr": 0.18128189233398476
    },
    "1/29/2022": {
        "tvl": 306329.78534454096,
        "revenue": 71.22448754121896,
        "volume": 21523.23234300814,
        "rr": 0.00023250918111377916,
        "apr": 0.08486585110652939
    },
    "1/30/2022": {
        "tvl": 293063.3202363053,
        "revenue": 149.89165896925223,
        "volume": 38193.32425567271,
        "rr": 0.0005114650951486878,
        "apr": 0.186684759729271
    },
    "1/31/2022": {
        "tvl": 307736.1759169725,
        "revenue": 190.89671627901964,
        "volume": 56065.61119237491,
        "rr": 0.0006203258869718448,
        "apr": 0.22641894874472335
    },
    "2/1/2022": {
        "tvl": 318239.9735447228,
        "revenue": 60.21482374698097,
        "volume": 22058.696685659706,
        "rr": 0.0001892120058843547,
        "apr": 0.06906238214778947
    },
    "2/2/2022": {
        "tvl": 319243.33810566994,
        "revenue": 213.52690108000613,
        "volume": 88225.77580829505,
        "rr": 0.0006688531148278135,
        "apr": 0.24413138691215192
    },
    "2/3/2022": {
        "tvl": 316312.7593349368,
        "revenue": 149.46874061849832,
        "volume": 36478.019234003405,
        "rr": 0.0004725346550444684,
        "apr": 0.172475149091231
    },
    "2/4/2022": {
        "tvl": 328289.48893510574,
        "revenue": 102.84985679878127,
        "volume": 28052.8595527288,
        "rr": 0.00031329013040412026,
        "apr": 0.11435089759750389
    },
    "2/5/2022": {
        "tvl": 326933.9047054398,
        "revenue": 167.2918275584562,
        "volume": 58843.30710767926,
        "rr": 0.0005116992307946232,
        "apr": 0.18677021924003745
    },
    "2/6/2022": {
        "tvl": 326696.5598965894,
        "revenue": 42.19910390291947,
        "volume": 13525.192230411134,
        "rr": 0.00012916911006432674,
        "apr": 0.047146725173479266
    },
    "2/7/2022": {
        "tvl": 338119.3352836971,
        "revenue": 124.426521544971,
        "volume": 39447.977240824155,
        "rr": 0.0003679958776701475,
        "apr": 0.13431849534960383
    },
    "2/8/2022": {
        "tvl": 303046.10488390713,
        "revenue": 182.7549567129836,
        "volume": 71520.11624580591,
        "rr": 0.0006030599099202894,
        "apr": 0.22011686712090564
    },
    "2/9/2022": {
        "tvl": 305223.9094177328,
        "revenue": 93.9466441791065,
        "volume": 28602.650976850127,
        "rr": 0.00030779582228117683,
        "apr": 0.11234547513262956
    },
    "2/10/2022": {
        "tvl": 292663.24850631104,
        "revenue": 63.981822869019496,
        "volume": 20622.519305501748,
        "rr": 0.0002186192601755385,
        "apr": 0.07979602996407156
    },
    "2/11/2022": {
        "tvl": 277881.59187001793,
        "revenue": 105.26327677745313,
        "volume": 39174.80781692422,
        "rr": 0.0003788062248710996,
        "apr": 0.13826427207795133
    },
    "2/12/2022": {
        "tvl": 267970.7567668855,
        "revenue": 95.36476572845459,
        "volume": 25557.95372465997,
        "rr": 0.0003558775102143507,
        "apr": 0.129895291228238
    },
    "2/13/2022": {
        "tvl": 260306.29259364036,
        "revenue": 46.77168261941855,
        "volume": 14758.194410095239,
        "rr": 0.0001796794159426373,
        "apr": 0.0655829868190626
    },
    "2/14/2022": {
        "tvl": 268596.37378463283,
        "revenue": 90.63188987727762,
        "volume": 25107.46984847798,
        "rr": 0.00033742782376484535,
        "apr": 0.12316115567416856
    },
    "2/15/2022": {
        "tvl": 268825.8326433637,
        "revenue": 26.35280190116623,
        "volume": 8924.881029779273,
        "rr": 0.0000980292765841705,
        "apr": 0.03578068595322223
    },
    "2/16/2022": {
        "tvl": 266906.8597407936,
        "revenue": 17.58634000101793,
        "volume": 5725.026915981664,
        "rr": 0.0000658894268138964,
        "apr": 0.024049640787072186
    },
    "2/17/2022": {
        "tvl": 258605.83508540448,
        "revenue": 78.21252363223839,
        "volume": 16922.796791519144,
        "rr": 0.0003024391294434974,
        "apr": 0.11039028224687655
    },
    "2/18/2022": {
        "tvl": 256366.2053219808,
        "revenue": 217.47047543121408,
        "volume": 51023.5775781517,
        "rr": 0.0008482805881457115,
        "apr": 0.3096224146731847
    },
    "2/19/2022": {
        "tvl": 251122.57908901258,
        "revenue": 43.30150147179139,
        "volume": 16301.459054591734,
        "rr": 0.0001724317328568165,
        "apr": 0.06293758249273802
    },
    "2/20/2022": {
        "tvl": 245299.22006829767,
        "revenue": 169.57635545888735,
        "volume": 49848.645063702694,
        "rr": 0.0006913040955110778,
        "apr": 0.2523259948615434
    },
    "2/21/2022": {
        "tvl": 228238.23147016956,
        "revenue": 333.7003801689658,
        "volume": 64529.98030817537,
        "rr": 0.0014620704779364714,
        "apr": 0.5336557244468121
    },
    "2/22/2022": {
        "tvl": 234894.39285755178,
        "revenue": 119.19500976000214,
        "volume": 36439.99099889157,
        "rr": 0.0005074408473951363,
        "apr": 0.18521590929922477
    },
    "2/23/2022": {
        "tvl": 222083.59953138974,
        "revenue": 205.82196873016196,
        "volume": 77500.11547108703,
        "rr": 0.0009267769847231365,
        "apr": 0.33827359942394486
    },
    "2/24/2022": {
        "tvl": 232682.4983822021,
        "revenue": 191.70916176919806,
        "volume": 116888.7294966853,
        "rr": 0.0008239088160996896,
        "apr": 0.30072671787638666
    },
    "2/25/2022": {
        "tvl": 348864.5904348225,
        "revenue": 139.525474923931,
        "volume": 71872.72335776074,
        "rr": 0.00039994163566450634,
        "apr": 0.14597869701754482
    },
    "2/26/2022": {
        "tvl": 347947.18855256436,
        "revenue": 144.09442462725525,
        "volume": 49912.35779655138,
        "rr": 0.00041412728531211256,
        "apr": 0.1511564591389211
    },
    "2/27/2022": {
        "tvl": 333974.34598048875,
        "revenue": 89.90619886427724,
        "volume": 28764.5299957308,
        "rr": 0.00026920091302321073,
        "apr": 0.09825833325347191
    },
    "2/28/2022": {
        "tvl": 356919.00350848754,
        "revenue": 253.97959526581909,
        "volume": 53700.86716481434,
        "rr": 0.0007115888836660933,
        "apr": 0.25972994253812404
    },
    "3/1/2022": {
        "tvl": 356261.5697534248,
        "revenue": 137.67142905898504,
        "volume": 45487.03078150442,
        "rr": 0.00038643356664674774,
        "apr": 0.14104825182606293
    },
    "3/2/2022": {
        "tvl": 352860.55198311736,
        "revenue": 160.543270956761,
        "volume": 57681.61424879113,
        "rr": 0.00045497653408545994,
        "apr": 0.1660664349411929
    },
    "3/3/2022": {
        "tvl": 344521.2094636122,
        "revenue": 99.07855233400673,
        "volume": 30538.31702715294,
        "rr": 0.00028758331740522716,
        "apr": 0.10496791085290792
    },
    "3/4/2022": {
        "tvl": 332348.48767660407,
        "revenue": -61.88303015491393,
        "volume": 30751.8207300178,
        "rr": -0.00018619922295277602,
        "apr": -0.06796271637776324
    },
    "3/5/2022": {
        "tvl": 333738.4871214154,
        "revenue": 68.59005744235522,
        "volume": 23261.617606313695,
        "rr": 0.00020552037025745216,
        "apr": 0.07501493514397004
    },
    "3/6/2022": {
        "tvl": 325052.10219836666,
        "revenue": 71.69472019219995,
        "volume": 22159.70231515834,
        "rr": 0.0002205637794904875,
        "apr": 0.08050577951402794
    },
    "3/7/2022": {
        "tvl": 328755.26270789333,
        "revenue": 180.89977959956474,
        "volume": 60778.93468332408,
        "rr": 0.0005502566806369223,
        "apr": 0.20084368843247663
    },
    "3/8/2022": {
        "tvl": 337715.28538128664,
        "revenue": 228.94199270899202,
        "volume": 68909.35005584327,
        "rr": 0.0006779142153737945,
        "apr": 0.24743868861143498
    },
    "3/9/2022": {
        "tvl": 332243.29337754054,
        "revenue": 126.47058422606182,
        "volume": 38318.380075232395,
        "rr": 0.0003806565452093221,
        "apr": 0.13893963900140255
    },
    "3/10/2022": {
        "tvl": 330216.3374897145,
        "revenue": 207.41487587065572,
        "volume": 43882.59550895448,
        "rr": 0.0006281181526250688,
        "apr": 0.22926312570815013
    },
    "3/11/2022": {
        "tvl": 332070.33672939707,
        "revenue": 61.86129371514732,
        "volume": 21087.71310780147,
        "rr": 0.00018628973103839103,
        "apr": 0.06799575182901273
    },
    "3/12/2022": {
        "tvl": 334905.5047241067,
        "revenue": 58.369004243398905,
        "volume": 18879.563865695516,
        "rr": 0.00017428499508087504,
        "apr": 0.0636140232045194
    },
    "3/13/2022": {
        "tvl": 325506.4082225809,
        "revenue": 74.34100589993206,
        "volume": 22301.861385916567,
        "rr": 0.00022838569079444286,
        "apr": 0.08336077713997164
    },
    "3/14/2022": {
        "tvl": 327682.35618138587,
        "revenue": 64.12653448113635,
        "volume": 22449.966883467718,
        "rr": 0.0001956972454313031,
        "apr": 0.07142949458242562
    },
    "3/15/2022": {
        "tvl": 328293.3805993712,
        "revenue": 122.75217814890134,
        "volume": 38300.9978888779,
        "rr": 0.0003739100006365966,
        "apr": 0.13647715023235776
    },
    "3/16/2022": {
        "tvl": 337060.25086444337,
        "revenue": 98.51738672715855,
        "volume": 32552.460686479048,
        "rr": 0.00029228420282277547,
        "apr": 0.10668373403031306
    },
    "3/17/2022": {
        "tvl": 333128.0654813,
        "revenue": 78.72707255369771,
        "volume": 25118.18196564343,
        "rr": 0.00023632674851322913,
        "apr": 0.08625926320732863
    },
    "3/18/2022": {
        "tvl": 342453.63347875705,
        "revenue": 110.34894974274707,
        "volume": 27986.154624943872,
        "rr": 0.00032223033705843917,
        "apr": 0.11761407302633028
    },
    "3/19/2022": {
        "tvl": 349814.5245654954,
        "revenue": 41.54445261079124,
        "volume": 12934.684530794848,
        "rr": 0.00011876137122206005,
        "apr": 0.043347900496051917
    },
    "3/20/2022": {
        "tvl": 343518.40885426285,
        "revenue": 96.77079636459028,
        "volume": 30771.0223482875,
        "rr": 0.0002817048340650796,
        "apr": 0.10282226443375404
    },
    "3/21/2022": {
        "tvl": 347709.6028026262,
        "revenue": 48.94058744239888,
        "volume": 16415.941872076255,
        "rr": 0.0001407513253816562,
        "apr": 0.051374233764304514
    },
    "3/22/2022": {
        "tvl": 351446.6827094801,
        "revenue": 139.9302594893167,
        "volume": 34318.100901542704,
        "rr": 0.0003981550157495402,
        "apr": 0.14532658074858215
    },
    "3/23/2022": {
        "tvl": 355437.53583695705,
        "revenue": 112.4657208041886,
        "volume": 35482.847322789814,
        "rr": 0.00031641486749384233,
        "apr": 0.11549142663525246
    },
    "3/24/2022": {
        "tvl": 355461.14440325944,
        "revenue": 77.83574876977244,
        "volume": 22386.127133512924,
        "rr": 0.00021897118713338254,
        "apr": 0.07992448330368462
    },
    "3/25/2022": {
        "tvl": 357994.05447827873,
        "revenue": 27.80135864254266,
        "volume": 10138.213474711467,
        "rr": 0.00007765871610091085,
        "apr": 0.02834543137683246
    },
    "3/26/2022": {
        "tvl": 365129.40410064283,
        "revenue": 62.33201284618995,
        "volume": 16108.422654795533,
        "rr": 0.0001707121150643047,
        "apr": 0.06230992199847122
    },
    "3/27/2022": {
        "tvl": 374346.57666067115,
        "revenue": 42.90700067007977,
        "volume": 14260.738471087458,
        "rr": 0.00011461838666411284,
        "apr": 0.041835711132401185
    },
    "3/28/2022": {
        "tvl": 370602.8842209324,
        "revenue": 134.3149351010233,
        "volume": 35929.89481714247,
        "rr": 0.00036242280030651994,
        "apr": 0.13228432211187977
    },
    "3/29/2022": {
        "tvl": 367031.2436654614,
        "revenue": 142.5943425057454,
        "volume": 37151.30297130339,
        "rr": 0.0003885073681512414,
        "apr": 0.14180518937520312
    },
    "3/30/2022": {
        "tvl": 375958.70781357784,
        "revenue": 128.14766690813755,
        "volume": 37526.577751259014,
        "rr": 0.00034085569570496715,
        "apr": 0.12441232893231302
    },
    "3/31/2022": {
        "tvl": 361464.7458782782,
        "revenue": 83.36075396559573,
        "volume": 24700.127317951876,
        "rr": 0.00023061932018583945,
        "apr": 0.0841760518678314
    },
    "4/1/2022": {
        "tvl": 382117.323265209,
        "revenue": 98.5115798098557,
        "volume": 27123.369715692683,
        "rr": 0.00025780453753854974,
        "apr": 0.09409865620157064
    },
    "4/2/2022": {
        "tvl": 382910.9394783769,
        "revenue": 66.99054700584348,
        "volume": 22103.801046969427,
        "rr": 0.00017495072639371918,
        "apr": 0.0638570151337075
    },
    "4/3/2022": {
        "tvl": 382590.5375166388,
        "revenue": 40.078858756370636,
        "volume": 13361.823835981724,
        "rr": 0.00010475653427426342,
        "apr": 0.03823613501010614
    },
    "4/4/2022": {
        "tvl": 378125.37869946216,
        "revenue": 84.02145099836427,
        "volume": 27206.106364772924,
        "rr": 0.00022220526770075743,
        "apr": 0.08110492271077646
    },
    "4/5/2022": {
        "tvl": 365339.8637131615,
        "revenue": 141.07841310618758,
        "volume": 39353.578762687146,
        "rr": 0.0003861566369252061,
        "apr": 0.14094717247770022
    },
    "4/6/2022": {
        "tvl": 351225.6236143993,
        "revenue": 100.53754921983308,
        "volume": 32240.825888426472,
        "rr": 0.0002862477634325747,
        "apr": 0.10448043365288975
    },
    "4/7/2022": {
        "tvl": 352966.41338605515,
        "revenue": 105.44146169430574,
        "volume": 34721.84579335904,
        "rr": 0.00029872944760605223,
        "apr": 0.10903624837620907
    },
    "4/8/2022": {
        "tvl": 339079.5466686433,
        "revenue": 65.53159462220752,
        "volume": 20619.697458076116,
        "rr": 0.00019326318931954504,
        "apr": 0.07054106410163394
    },
    "4/9/2022": {
        "tvl": 344395.44391697535,
        "revenue": 55.24813459863676,
        "volume": 18505.904319645884,
        "rr": 0.00016042063149928205,
        "apr": 0.05855353049723795
    },
    "4/10/2022": {
        "tvl": 335049.76616725454,
        "revenue": 74.81957242455961,
        "volume": 25095.287531118,
        "rr": 0.00022330883343225553,
        "apr": 0.08150772420277327
    },
    "4/11/2022": {
        "tvl": 333179.37915654574,
        "revenue": 269.72731079347784,
        "volume": 64524.4655699033,
        "rr": 0.0008095558358872664,
        "apr": 0.2954878800988522
    },
    "4/12/2022": {
        "tvl": 338017.7142938188,
        "revenue": 102.22779279878264,
        "volume": 35529.12276337481,
        "rr": 0.0003024332408505729,
        "apr": 0.11038813291045912
    },
    "4/13/2022": {
        "tvl": 345534.7499486143,
        "revenue": 87.28901526537072,
        "volume": 29900.12077481349,
        "rr": 0.0002526200773680557,
        "apr": 0.09220632823934034
    },
    "4/14/2022": {
        "tvl": 344513.2594898309,
        "revenue": 69.10985505455193,
        "volume": 24426.786686540585,
        "rr": 0.0002006014373928382,
        "apr": 0.07321952464838594
    },
    "4/15/2022": {
        "tvl": 345653.6715664154,
        "revenue": 172.5294177361914,
        "volume": 51599.87605824307,
        "rr": 0.000499139549000974,
        "apr": 0.18218593538535552
    },
    "4/16/2022": {
        "tvl": 347375.8526416577,
        "revenue": 43.13195261619248,
        "volume": 14452.096809511922,
        "rr": 0.0001241650859960208,
        "apr": 0.04532025638854759
    },
    "4/17/2022": {
        "tvl": 338223.34434349183,
        "revenue": 30.04490995650164,
        "volume": 9848.890505888221,
        "rr": 0.00008883156783521342,
        "apr": 0.0324235222598529
    },
    "4/18/2022": {
        "tvl": 340085.2961245685,
        "revenue": 99.43135448926407,
        "volume": 34244.97144458036,
        "rr": 0.00029237181266679566,
        "apr": 0.10671571162338041
    },
    "4/19/2022": {
        "tvl": 343006.0161608301,
        "revenue": 46.270055271240665,
        "volume": 15436.357019234734,
        "rr": 0.00013489575427605728,
        "apr": 0.0492369503107609
    },
    "4/20/2022": {
        "tvl": 341055.6518447231,
        "revenue": 32.82861428636418,
        "volume": 11567.286739001527,
        "rr": 0.0000962558870049469,
        "apr": 0.03513339875680562
    },
    "4/21/2022": {
        "tvl": 338351.9536557325,
        "revenue": 125.23924864384001,
        "volume": 39448.69877147929,
        "rr": 0.000370144895842005,
        "apr": 0.13510288698233183
    },
    "4/22/2022": {
        "tvl": 336365.5014873274,
        "revenue": 59.490543363566815,
        "volume": 19560.34208166726,
        "rr": 0.0001768627968698155,
        "apr": 0.06455492085748266
    },
    "4/23/2022": {
        "tvl": 335937.8152020265,
        "revenue": 12.291487629035908,
        "volume": 4084.521755247394,
        "rr": 0.00003658858000741609,
        "apr": 0.013354831702706873
    },
    "4/24/2022": {
        "tvl": 328825.3699937519,
        "revenue": 80.65189196320972,
        "volume": 26712.53958622432,
        "rr": 0.00024527271714084046,
        "apr": 0.08952454175640677
    },
    "4/25/2022": {
        "tvl": 330831.64261833066,
        "revenue": 152.3522108196838,
        "volume": 51128.70812735417,
        "rr": 0.00046051281435448245,
        "apr": 0.1680871772393861
    },
    "4/26/2022": {
        "tvl": 319963.02049879543,
        "revenue": 99.40726372709342,
        "volume": 30899.277802044973,
        "rr": 0.0003106836020366537,
        "apr": 0.1133995147433786
    },
    "4/27/2022": {
        "tvl": 323364.3803313955,
        "revenue": 51.92852828654258,
        "volume": 17491.432385060754,
        "rr": 0.00016058827578140905,
        "apr": 0.0586147206602143
    },
    "4/28/2022": {
        "tvl": 321088.14490816044,
        "revenue": 37.490893526815,
        "volume": 12452.423144647371,
        "rr": 0.00011676199860178074,
        "apr": 0.04261812948964997
    },
    "4/29/2022": {
        "tvl": 317309.556129354,
        "revenue": 108.32189296213484,
        "volume": 39219.14777765313,
        "rr": 0.0003413760817149058,
        "apr": 0.12460226982594061
    },
    "4/30/2022": {
        "tvl": 306894.7078109802,
        "revenue": 143.10507276406096,
        "volume": 48089.593035487356,
        "rr": 0.00046630022975893394,
        "apr": 0.17019958386201087
    },
    "5/1/2022": {
        "tvl": 308977.3667666954,
        "revenue": 135.5220299928734,
        "volume": 24798.936660799263,
        "rr": 0.00043861474842331815,
        "apr": 0.1600943831745111
    },
    "5/2/2022": {
        "tvl": 307144.5106033179,
        "revenue": 64.513398029805,
        "volume": 20866.802047341702,
        "rr": 0.00021004249075812104,
        "apr": 0.07666550912671417
    },
    "5/3/2022": {
        "tvl": 307043.81015545566,
        "revenue": 61.472051668467444,
        "volume": 20703.100805195525,
        "rr": 0.00020020612575561862,
        "apr": 0.0730752359008008
    },
    "5/4/2022": {
        "tvl": 325099.55731961975,
        "revenue": 103.3245675964957,
        "volume": 35172.40156535075,
        "rr": 0.0003178243872381307,
        "apr": 0.1160059013419177
    },
    "5/5/2022": {
        "tvl": 304970.51701332047,
        "revenue": 112.47366659877251,
        "volume": 35695.10212645313,
        "rr": 0.0003688017704146132,
        "apr": 0.1346126462013338
    },
    "5/6/2022": {
        "tvl": 308262.1544822779,
        "revenue": 27.203127906426175,
        "volume": 9095.862630716332,
        "rr": 0.0000882467325647336,
        "apr": 0.03221005738612776
    },
    "5/7/2022": {
        "tvl": 312626.12082810875,
        "revenue": 88.86706493148496,
        "volume": 30027.633551333813,
        "rr": 0.00028425988428633814,
        "apr": 0.10375485776451343
    },
    "5/8/2022": {
        "tvl": 310320.66788839456,
        "revenue": 87.94838068361089,
        "volume": 29321.12820978143,
        "rr": 0.0002834112896252245,
        "apr": 0.10344512071320694
    },
    "5/9/2022": {
        "tvl": 281922.1604811392,
        "revenue": 360.1248865810927,
        "volume": 121614.57391775235,
        "rr": 0.0012773911989270006,
        "apr": 0.4662477876083552
    },
    "5/10/2022": {
        "tvl": 283135.12234211294,
        "revenue": 148.42657715578227,
        "volume": 49295.15711638854,
        "rr": 0.0005242252389176855,
        "apr": 0.1913422122049552
    },
    "5/11/2022": {
        "tvl": 253447.1197034724,
        "revenue": 426.88419117650506,
        "volume": 136232.62527467683,
        "rr": 0.0016843126553418727,
        "apr": 0.6147741191997835
    },
    "5/12/2022": {
        "tvl": 264651.24160866614,
        "revenue": 596.6118369310401,
        "volume": 205531.25902754275,
        "rr": 0.0022543322801154156,
        "apr": 0.8228312822421268
    },
    "5/13/2022": {
        "tvl": 262681.3185789606,
        "revenue": 71.4923818646552,
        "volume": 24070.0809447895,
        "rr": 0.0002721639370908098,
        "apr": 0.09933983703814557
    },
    "5/14/2022": {
        "tvl": 261158.09746495928,
        "revenue": 93.86907626815179,
        "volume": 31026.986733309488,
        "rr": 0.0003594339106439026,
        "apr": 0.13119337738502446
    },
    "5/15/2022": {
        "tvl": 228513.66744459217,
        "revenue": 139.21527468882456,
        "volume": 45746.907819306485,
        "rr": 0.0006092207798580807,
        "apr": 0.22236558464819947
    },
    "5/16/2022": {
        "tvl": 228818.8022620468,
        "revenue": 92.40784509029669,
        "volume": 30726.9671553076,
        "rr": 0.0004038472545821204,
        "apr": 0.14740424792247397
    },
    "5/17/2022": {
        "tvl": 228299.96984388182,
        "revenue": 84.78946784687236,
        "volume": 28482.300786486576,
        "rr": 0.00037139500239467344,
        "apr": 0.1355591758740558
    },
    "5/18/2022": {
        "tvl": 218667.2486119551,
        "revenue": 65.05058594384617,
        "volume": 21499.99416833849,
        "rr": 0.00029748664400714326,
        "apr": 0.10858262506260728
    },
    "5/19/2022": {
        "tvl": 223714.9676846134,
        "revenue": 56.24530777269582,
        "volume": 18783.920167108467,
        "rr": 0.00025141504099979915,
        "apr": 0.09176648996492669
    },
    "5/20/2022": {
        "tvl": 224025.15993730316,
        "revenue": 74.71942369130873,
        "volume": 24867.92303719914,
        "rr": 0.000333531393135575,
        "apr": 0.12173895849448489
    },
    "5/21/2022": {
        "tvl": 227739.4436143771,
        "revenue": 60.48250180153126,
        "volume": 18829.0475740518,
        "rr": 0.00026557763047820596,
        "apr": 0.09693583512454518
    },
    "5/22/2022": {
        "tvl": 236105.4416385555,
        "revenue": 39.044484791245715,
        "volume": 13063.137920488292,
        "rr": 0.00016536884758046948,
        "apr": 0.06035962936687136
    },
    "5/23/2022": {
        "tvl": 238777.1480669234,
        "revenue": 90.0622425640232,
        "volume": 30191.860888876545,
        "rr": 0.0003771811636630359,
        "apr": 0.1376711247370081
    },
    "5/24/2022": {
        "tvl": 242789.48112462068,
        "revenue": 97.34599771899855,
        "volume": 32942.09146278374,
        "rr": 0.0004009481682158714,
        "apr": 0.14634608139879307
    },
    "5/25/2022": {
        "tvl": 250458.74131303254,
        "revenue": 75.89307068640952,
        "volume": 25739.201157558862,
        "rr": 0.0003030162584405691,
        "apr": 0.11060093433080774
    },
    "5/26/2022": {
        "tvl": 230242.2520084291,
        "revenue": 155.5300280296946,
        "volume": 50271.828855360414,
        "rr": 0.0006755060232124584,
        "apr": 0.24655969847254733
    },
    "5/27/2022": {
        "tvl": 230367.2873305369,
        "revenue": 63.61567249463598,
        "volume": 22080.15095900859,
        "rr": 0.0002761488978396424,
        "apr": 0.10079434771146947
    },
    "5/28/2022": {
        "tvl": 237843.3986463415,
        "revenue": 47.63065684267999,
        "volume": 15717.17200379305,
        "rr": 0.00020026057949795717,
        "apr": 0.07309511151675437
    },
    "5/29/2022": {
        "tvl": 243311.45952891058,
        "revenue": 43.54063408167005,
        "volume": 15706.886091599172,
        "rr": 0.00017895019891776406,
        "apr": 0.06531682260498388
    },
    "5/30/2022": {
        "tvl": 246821.68425288977,
        "revenue": 67.26106071794787,
        "volume": 22129.411861039967,
        "rr": 0.0002725087178686991,
        "apr": 0.09946568202207517
    },
    "5/31/2022": {
        "tvl": 242998.29149262904,
        "revenue": 85.41722652382037,
        "volume": 28418.370134148525,
        "rr": 0.0003515136917183279,
        "apr": 0.12830249747718966
    },
    "6/1/2022": {
        "tvl": 231150.1509048546,
        "revenue": 121.32090251688629,
        "volume": 38919.68876854852,
        "rr": 0.0005248575527291092,
        "apr": 0.19157300674612487
    },
    "6/2/2022": {
        "tvl": 236918.09329421868,
        "revenue": 27.20879554531479,
        "volume": 9138.654408754059,
        "rr": 0.00011484473459578844,
        "apr": 0.04191832812746278
    },
    "6/3/2022": {
        "tvl": 229788.7818091766,
        "revenue": 42.98232296058394,
        "volume": 13833.049761775015,
        "rr": 0.00018705144185967153,
        "apr": 0.0682737762787801
    },
    "6/4/2022": {
        "tvl": 232036.8190960998,
        "revenue": 36.43923629011834,
        "volume": 12072.377409638966,
        "rr": 0.0001570407508259573,
        "apr": 0.057319874051474415
    },
    "6/5/2022": {
        "tvl": 243146.72624245664,
        "revenue": 55.17619361500555,
        "volume": 22486.15537165494,
        "rr": 0.0002269255048903515,
        "apr": 0.0828278092849783
    },
    "6/6/2022": {
        "tvl": 245494.33171103004,
        "revenue": 131.2360966245434,
        "volume": 43635.04797185333,
        "rr": 0.0005345789277897489,
        "apr": 0.19512130864325836
    },
    "6/7/2022": {
        "tvl": 241596.17140360473,
        "revenue": 91.65318954003966,
        "volume": 29790.784170021358,
        "rr": 0.0003793652399686668,
        "apr": 0.13846831258856337
    },
    "6/8/2022": {
        "tvl": 244189.96149292207,
        "revenue": 12.26064989082591,
        "volume": 4101.427014573598,
        "rr": 0.000050209475507785314,
        "apr": 0.01832645856034164
    },
    "6/9/2022": {
        "tvl": 255473.26441803417,
        "revenue": 107.66315204362569,
        "volume": 36538.357444149246,
        "rr": 0.00042142629792937976,
        "apr": 0.1538205987442236
    },
    "6/10/2022": {
        "tvl": 241416.13054094816,
        "revenue": 94.2063790024564,
        "volume": 32508.57959900341,
        "rr": 0.00039022404506014333,
        "apr": 0.14243177644695232
    },
    "6/11/2022": {
        "tvl": 220378.34524649126,
        "revenue": 147.2095510502707,
        "volume": 45726.79647658207,
        "rr": 0.0006679855540507762,
        "apr": 0.2438147272285333
    },
    "6/12/2022": {
        "tvl": 211266.10924280298,
        "revenue": 138.8049655262705,
        "volume": 43761.18737135319,
        "rr": 0.000657014823739407,
        "apr": 0.23981041066488357
    },
    "6/13/2022": {
        "tvl": 199285.07880951097,
        "revenue": 312.55312150314563,
        "volume": 105600.67226060806,
        "rr": 0.0015683719191134388,
        "apr": 0.5724557504764052
    },
    "6/14/2022": {
        "tvl": 200696.62403602526,
        "revenue": 110.90860895812276,
        "volume": 35993.666883197526,
        "rr": 0.0005526182091544028,
        "apr": 0.20170564634135704
    },
    "6/15/2022": {
        "tvl": 206245.2340761891,
        "revenue": 189.4566624691486,
        "volume": 60541.99198687654,
        "rr": 0.000918598983960819,
        "apr": 0.3352886291456989
    },
    "6/16/2022": {
        "tvl": 199878.04745880433,
        "revenue": 126.33946932964754,
        "volume": 42354.32313646112,
        "rr": 0.0006320827671467354,
        "apr": 0.23071021000855843
    },
    "6/17/2022": {
        "tvl": 198552.84660927378,
        "revenue": 97.51679701828597,
        "volume": 31372.055031286818,
        "rr": 0.0004911377433444022,
        "apr": 0.17926527632070682
    },
    "6/18/2022": {
        "tvl": 189704.91728156598,
        "revenue": 217.5049485066545,
        "volume": 67273.99060538014,
        "rr": 0.0011465435457523056,
        "apr": 0.4184883941995915
    },
    "6/19/2022": {
        "tvl": 197120.89573299122,
        "revenue": 114.96933527897866,
        "volume": 38531.69137474026,
        "rr": 0.0005832427599898369,
        "apr": 0.21288360739629045
    },
    "6/20/2022": {
        "tvl": 201885.21534292516,
        "revenue": 91.89933299509036,
        "volume": 31387.77639942315,
        "rr": 0.0004552058596217104,
        "apr": 0.16615013876192428
    },
    "6/21/2022": {
        "tvl": 199239.4953663935,
        "revenue": 111.56590716276601,
        "volume": 35128.18230932827,
        "rr": 0.0005599587920939106,
        "apr": 0.20438495911427737
    },
    "6/22/2022": {
        "tvl": 200099.44803123968,
        "revenue": 83.53925815952209,
        "volume": 27088.444626060882,
        "rr": 0.0004174886986518817,
        "apr": 0.15238337500793683
    },
    "6/23/2022": {
        "tvl": 207025.44250902507,
        "revenue": 147.40014920464273,
        "volume": 51562.277256400535,
        "rr": 0.0007119905042503023,
        "apr": 0.25987653405136035
    },
    "6/24/2022": {
        "tvl": 211431.03214081115,
        "revenue": 154.69325570607742,
        "volume": 53436.89202863733,
        "rr": 0.0007316487752046404,
        "apr": 0.2670518029496937
    },
    "6/25/2022": {
        "tvl": 212296.69109285748,
        "revenue": 118.98359403725972,
        "volume": 39053.85572102173,
        "rr": 0.000560459013396572,
        "apr": 0.2045675398897488
    },
    "6/26/2022": {
        "tvl": 208191.90264983318,
        "revenue": 73.61135958697444,
        "volume": 24823.097361318367,
        "rr": 0.00035357455621501534,
        "apr": 0.12905471301848062
    },
    "6/27/2022": {
        "tvl": 217554.8221996197,
        "revenue": 157.55162695578278,
        "volume": 53039.65719354106,
        "rr": 0.0007241927591529994,
        "apr": 0.2643303570908448
    },
    "6/28/2022": {
        "tvl": 211166.65778894175,
        "revenue": 98.76234367251129,
        "volume": 31734.48958203869,
        "rr": 0.00046769856901946583,
        "apr": 0.17070997769210502
    },
    "6/29/2022": {
        "tvl": 205963.8192047536,
        "revenue": 103.51865001168923,
        "volume": 32479.977588070687,
        "rr": 0.0005026059936710478,
        "apr": 0.18345118768993246
    },
    "6/30/2022": {
        "tvl": 200564.49818076665,
        "revenue": 111.40333196437656,
        "volume": 37083.518584209414,
        "rr": 0.0005554489103249466,
        "apr": 0.2027388522686055
    },
    "7/1/2022": {
        "tvl": 132951.5090883106,
        "revenue": 49.27693245390987,
        "volume": 16662.080166159525,
        "rr": 0.00037063838381239117,
        "apr": 0.13528301009152277
    },
    "7/2/2022": {
        "tvl": 134370.17875866446,
        "revenue": 21.859542674439908,
        "volume": 7313.883254261591,
        "rr": 0.00016268150326495239,
        "apr": 0.05937874869170762
    },
    "7/3/2022": {
        "tvl": 134462.4559704115,
        "revenue": 19.52467847633255,
        "volume": 6587.460848276003,
        "rr": 0.00014520542805367885,
        "apr": 0.052999981239592785
    },
    "7/4/2022": {
        "tvl": 138260.54670021514,
        "revenue": 21.401195194225785,
        "volume": 7264.428122934204,
        "rr": 0.00015478888016137493,
        "apr": 0.056497941258901854
    },
    "7/5/2022": {
        "tvl": 135494.52760165048,
        "revenue": 38.35775316253376,
        "volume": 12763.8610091975,
        "rr": 0.00028309448242296774,
        "apr": 0.10332948608438323
    },
    "7/6/2022": {
        "tvl": 138517.8828467578,
        "revenue": 24.334983547753644,
        "volume": 8592.877830868028,
        "rr": 0.00017568116872444125,
        "apr": 0.06412362658442106
    },
    "7/7/2022": {
        "tvl": 140213.73572439118,
        "revenue": 17.13112808415159,
        "volume": 5624.924796141563,
        "rr": 0.00012217867240785246,
        "apr": 0.04459521542886615
    },
    "7/8/2022": {
        "tvl": 140186.68276388044,
        "revenue": 28.64125196313887,
        "volume": 9743.46261614178,
        "rr": 0.00020430793709114275,
        "apr": 0.07457239703826711
    },
    "7/9/2022": {
        "tvl": 140402.60974073625,
        "revenue": 24.860000740405738,
        "volume": 8278.124745739928,
        "rr": 0.0001770622411243748,
        "apr": 0.0646277180103968
    },
    "7/10/2022": {
        "tvl": 142839.0190601913,
        "revenue": 39.18661743273163,
        "volume": 12723.862358898985,
        "rr": 0.00027434112674925806,
        "apr": 0.10013451126347919
    },
    "7/11/2022": {
        "tvl": 140185.2131325352,
        "revenue": 65.2640495563172,
        "volume": 20498.785553344773,
        "rr": 0.00046555587495961267,
        "apr": 0.16992789436025862
    },
    "7/12/2022": {
        "tvl": 135057.1747100604,
        "revenue": 54.12834190423293,
        "volume": 22331.686962314394,
        "rr": 0.0004007809434814196,
        "apr": 0.14628504437071815
    },
    "7/13/2022": {
        "tvl": 137580.8403612151,
        "revenue": 43.87255646859232,
        "volume": 14971.234695818914,
        "rr": 0.00031888565554190546,
        "apr": 0.1163932642727955
    },
    "7/14/2022": {
        "tvl": 140095.41235074654,
        "revenue": 42.31327379146519,
        "volume": 15104.84075621503,
        "rr": 0.000302031830175342,
        "apr": 0.11024161801399984
    },
    "7/15/2022": {
        "tvl": 139378.1263983054,
        "revenue": 34.72631969858682,
        "volume": 11335.08239510822,
        "rr": 0.0002491518618879141,
        "apr": 0.09094042958908864
    },
    "7/16/2022": {
        "tvl": 141242.8867392842,
        "revenue": 38.63103219490004,
        "volume": 13533.862706985377,
        "rr": 0.0002735078069185023,
        "apr": 0.09983034952525334
    },
    "7/17/2022": {
        "tvl": 142425.9865133627,
        "revenue": 47.744943764641285,
        "volume": 17096.09700230464,
        "rr": 0.00033522635112772595,
        "apr": 0.12235761816161997
    },
    "7/18/2022": {
        "tvl": 145214.19148570384,
        "revenue": 90.60861693511045,
        "volume": 31336.057356581656,
        "rr": 0.0006239653026201007,
        "apr": 0.22774733545633674
    },
    "7/19/2022": {
        "tvl": 148443.93656166174,
        "revenue": 40.489120484423175,
        "volume": 13691.947697390418,
        "rr": 0.00027275698436900794,
        "apr": 0.0995562992946879
    },
    "7/20/2022": {
        "tvl": 140627.81231025935,
        "revenue": 65.22392707841762,
        "volume": 21008.10796469085,
        "rr": 0.000463805317077092,
        "apr": 0.16928894073313858
    },
    "7/21/2022": {
        "tvl": 145280.95648900306,
        "revenue": 31.27994975455009,
        "volume": 11523.458757435583,
        "rr": 0.00021530660666401795,
        "apr": 0.07858691143236655
    },
    "7/22/2022": {
        "tvl": 149009.53972510755,
        "revenue": 34.78689474289705,
        "volume": 11644.240953955521,
        "rr": 0.00023345414533238495,
        "apr": 0.0852107630463205
    },
    "7/23/2022": {
        "tvl": 150262.57282991832,
        "revenue": 35.19395541952198,
        "volume": 12275.443040902155,
        "rr": 0.00023421637708385235,
        "apr": 0.0854889776356061
    },
    "7/24/2022": {
        "tvl": 145314.9741929468,
        "revenue": 46.06499599973034,
        "volume": 14742.881413034147,
        "rr": 0.0003170010266014706,
        "apr": 0.11570537470953676
    },
    "7/25/2022": {
        "tvl": 139572.4090176101,
        "revenue": 59.35278963141688,
        "volume": 19714.323087660403,
        "rr": 0.000425247296719857,
        "apr": 0.1552152633027478
    },
    "7/26/2022": {
        "tvl": 141243.5326670684,
        "revenue": 28.600597324030655,
        "volume": 9612.533080150217,
        "rr": 0.0002024913763056779,
        "apr": 0.07390935235157244
    },
    "7/27/2022": {
        "tvl": 146704.83276868725,
        "revenue": 36.02424292543142,
        "volume": 12361.797553507984,
        "rr": 0.00024555593872106204,
        "apr": 0.08962791763318766
    },
    "7/28/2022": {
        "tvl": 150842.91734573568,
        "revenue": 28.42747985790159,
        "volume": 9665.576555976433,
        "rr": 0.00018845750505305534,
        "apr": 0.0687869893443652
    },
    "7/29/2022": {
        "tvl": 152401.2223716095,
        "revenue": 30.463807411999294,
        "volume": 10275.994321584703,
        "rr": 0.0001998921461254259,
        "apr": 0.07296063333578046
    },
    "7/30/2022": {
        "tvl": 157027.80384335516,
        "revenue": 22.281609439342006,
        "volume": 7566.342384099036,
        "rr": 0.00014189595023292355,
        "apr": 0.0517920218350171
    },
    "7/31/2022": {
        "tvl": 154617.2425478091,
        "revenue": 16.211379078200924,
        "volume": 5425.875909333765,
        "rr": 0.00010484845552195263,
        "apr": 0.03826968626551271
    },
    "8/1/2022": {
        "tvl": 151162.71077602045,
        "revenue": 42.34374304031474,
        "volume": 14014.256622439168,
        "rr": 0.0002801202943697931,
        "apr": 0.10224390744497448
    },
    "8/2/2022": {
        "tvl": 151544.3170877899,
        "revenue": 40.337611057131554,
        "volume": 13332.042767041316,
        "rr": 0.0002661769958273255,
        "apr": 0.09715460347697383
    },
    "8/3/2022": {
        "tvl": 154620.95217304357,
        "revenue": 13.130300883487617,
        "volume": 4460.741968872768,
        "rr": 0.00008491928615724007,
        "apr": 0.030995539447392625
    },
    "8/4/2022": {
        "tvl": 158033.7614076955,
        "revenue": 31.360969443363775,
        "volume": 10610.527314498402,
        "rr": 0.00019844474474323714,
        "apr": 0.07243233183128156
    },
    "8/5/2022": {
        "tvl": 158141.97357421205,
        "revenue": 14.8611731766382,
        "volume": 4964.177345446461,
        "rr": 0.00009397361649634545,
        "apr": 0.034300370021166086
    },
    "8/6/2022": {
        "tvl": 158496.6403484464,
        "revenue": 10.984109477138931,
        "volume": 3667.986504470549,
        "rr": 0.00006930184420938483,
        "apr": 0.025295173136425465
    },
    "8/7/2022": {
        "tvl": 160923.42933186094,
        "revenue": 11.671160499260804,
        "volume": 3880.7898381716673,
        "rr": 0.0000725261731478031,
        "apr": 0.026472053198948135
    },
    "8/8/2022": {
        "tvl": 159428.05184130816,
        "revenue": 20.886593938630902,
        "volume": 6548.452132300443,
        "rr": 0.00013100952873350697,
        "apr": 0.04781847798773005
    },
    "8/9/2022": {
        "tvl": 155017.00320588425,
        "revenue": 52.05775382110417,
        "volume": 16058.66683632845,
        "rr": 0.0003358196374881806,
        "apr": 0.1225741676831859
    },
    "8/10/2022": {
        "tvl": 160883.23606124456,
        "revenue": 17.91192201658953,
        "volume": 6034.900387964691,
        "rr": 0.00011133491875916064,
        "apr": 0.04063724534709364
    },
    "8/11/2022": {
        "tvl": 160454.70503693726,
        "revenue": 10.091779420973841,
        "volume": 3299.952152587571,
        "rr": 0.00006289488001396205,
        "apr": 0.02295663120509615
    },
    "8/12/2022": {
        "tvl": 161566.98997563272,
        "revenue": 4.7983060484855855,
        "volume": 1602.286921218587,
        "rr": 0.00002969855444611092,
        "apr": 0.010839972372830485
    },
    "8/13/2022": {
        "tvl": 160838.59961796986,
        "revenue": 1.7048493926281623,
        "volume": 564.4857049457592,
        "rr": 0.000010599752775002938,
        "apr": 0.003868909762876072
    },
    "8/14/2022": {
        "tvl": 158412.0665514941,
        "revenue": 36.51969683538383,
        "volume": 11551.596648363877,
        "rr": 0.00023053607992363755,
        "apr": 0.08414566917212771
    },
    "8/15/2022": {
        "tvl": 155531.86027767454,
        "revenue": 22.908914897995786,
        "volume": 7261.919349979265,
        "rr": 0.00014729403259946858,
        "apr": 0.05376232189880604
    },
    "8/16/2022": {
        "tvl": 164200.77731438476,
        "revenue": 23.90956045753089,
        "volume": 8058.950382667605,
        "rr": 0.00014561173734124765,
        "apr": 0.05314828412955539
    },
    "8/17/2022": {
        "tvl": 158910.09528763412,
        "revenue": 33.673311803845294,
        "volume": 10790.667009392238,
        "rr": 0.00021190165258472187,
        "apr": 0.07734410319342348
    },
    "8/18/2022": {
        "tvl": 151460.56941142993,
        "revenue": 31.986312679668547,
        "volume": 10628.682453506179,
        "rr": 0.00021118574163537187,
        "apr": 0.07708279569691073
    },
    "8/19/2022": {
        "tvl": 146955.4821624805,
        "revenue": 52.15487925592865,
        "volume": 17105.051623406776,
        "rr": 0.00035490257653854584,
        "apr": 0.12953944043656923
    },
    "8/20/2022": {
        "tvl": 146004.5395426776,
        "revenue": 21.606295640881253,
        "volume": 7215.954000775169,
        "rr": 0.0001479837250852441,
        "apr": 0.0540140596561141
    },
    "8/21/2022": {
        "tvl": 148022.2473513429,
        "revenue": 31.55546853399812,
        "volume": 10440.024969781472,
        "rr": 0.0002131805799374106,
        "apr": 0.07781091167715487
    },
    "8/22/2022": {
        "tvl": 146645.0220822577,
        "revenue": 61.262412781027116,
        "volume": 20191.68918220835,
        "rr": 0.0004177599205969852,
        "apr": 0.1524823710178996
    },
    "8/23/2022": {
        "tvl": 145031.3576094524,
        "revenue": 26.370283046663253,
        "volume": 8816.580065076216,
        "rr": 0.00018182469971545365,
        "apr": 0.06636601539614058
    },
    "8/24/2022": {
        "tvl": 147751.26914673406,
        "revenue": 18.607879591057422,
        "volume": 6482.621998312511,
        "rr": 0.00012594057363106404,
        "apr": 0.04596830937533838
    },
    "8/25/2022": {
        "tvl": 149774.20632089232,
        "revenue": 9.798315804935486,
        "volume": 3266.2567098353106,
        "rr": 0.0000654205823928222,
        "apr": 0.023878512573380098
    },
    "8/26/2022": {
        "tvl": 141114.21902222803,
        "revenue": 33.2178097821235,
        "volume": 10554.34410193823,
        "rr": 0.00023539661709704178,
        "apr": 0.08591976524042025
    },
    "8/27/2022": {
        "tvl": 140942.9876725449,
        "revenue": 23.76207649151939,
        "volume": 7511.838821128174,
        "rr": 0.00016859353476120575,
        "apr": 0.061536640187840094
    },
    "8/28/2022": {
        "tvl": 140377.62535428803,
        "revenue": 12.970089736318663,
        "volume": 4100.620700207616,
        "rr": 0.00009239428080924204,
        "apr": 0.03372391249537334
    },
    "8/29/2022": {
        "tvl": 143005.65373880565,
        "revenue": 25.853171554024176,
        "volume": 8463.865815057221,
        "rr": 0.0001807842618673245,
        "apr": 0.06598625558157345
    },
    "8/30/2022": {
        "tvl": 144038.34404939826,
        "revenue": 25.167520505406046,
        "volume": 8565.656289107077,
        "rr": 0.00017472792173155497,
        "apr": 0.06377569143201757
    },
    "8/31/2022": {
        "tvl": 142561.33069441593,
        "revenue": 47.73723530326708,
        "volume": 14143.702006375604,
        "rr": 0.00033485402437490665,
        "apr": 0.12222171889684093
    },
    "9/1/2022": {
        "tvl": 145133.14692338285,
        "revenue": 21.32656237742239,
        "volume": 7608.8859415490115,
        "rr": 0.00014694480778178732,
        "apr": 0.053634854840352374
    },
    "9/2/2022": {
        "tvl": 141861.18520494195,
        "revenue": 10.877500375032874,
        "volume": 3533.9707151788643,
        "rr": 0.00007667707244457689,
        "apr": 0.027987131442270566
    },
    "9/3/2022": {
        "tvl": 143356.9978327343,
        "revenue": 4.898786759073578,
        "volume": 1632.7579028766386,
        "rr": 0.00003417194021312703,
        "apr": 0.012472758177791364
    },
    "9/4/2022": {
        "tvl": 144980.2564249428,
        "revenue": 5.9361415348527355,
        "volume": 1991.4525791593194,
        "rr": 0.00004094448224352475,
        "apr": 0.014944736018886533
    },
    "9/5/2022": {
        "tvl": 144669.16133255383,
        "revenue": 31.612518257764147,
        "volume": 9577.093101735696,
        "rr": 0.00021851594331908673,
        "apr": 0.07975831931146665
    },
    "9/6/2022": {
        "tvl": 138664.60078468194,
        "revenue": 41.05603889222,
        "volume": 13131.750897743992,
        "rr": 0.0002960816146290409,
        "apr": 0.10806978933959993
    },
    "9/7/2022": {
        "tvl": 142218.06756101135,
        "revenue": 21.279055381065994,
        "volume": 7204.433359375376,
        "rr": 0.0001496227289963514,
        "apr": 0.05461229608366826
    },
    "9/8/2022": {
        "tvl": 148049.79904869976,
        "revenue": 21.742129186073168,
        "volume": 7347.479789799043,
        "rr": 0.0001468568638780879,
        "apr": 0.053602755315502085
    },
    "9/9/2022": {
        "tvl": 149940.70079431034,
        "revenue": 89.11584177391244,
        "volume": 17348.328909618052,
        "rr": 0.0005943405713180049,
        "apr": 0.2169343085310718
    },
    "9/10/2022": {
        "tvl": 150299.41935038727,
        "revenue": 10.90653102087787,
        "volume": 3618.9283998455844,
        "rr": 0.00007256535699217768,
        "apr": 0.026486355302144854
    },
    "9/11/2022": {
        "tvl": 149888.53205511294,
        "revenue": 20.719123812224762,
        "volume": 7219.715555780474,
        "rr": 0.00013823021366709022,
        "apr": 0.05045402798848793
    },
    "9/12/2022": {
        "tvl": 148593.7635397901,
        "revenue": 14.661383187540762,
        "volume": 4773.651875401815,
        "rr": 0.00009866755399606506,
        "apr": 0.03601365720856375
    },
    "9/13/2022": {
        "tvl": 144913.57380098847,
        "revenue": 28.81117480664593,
        "volume": 9060.797091063243,
        "rr": 0.00019881626027809277,
        "apr": 0.07256793500150387
    },
    "9/14/2022": {
        "tvl": 144818.04147861965,
        "revenue": 16.08984769013501,
        "volume": 5334.797591660828,
        "rr": 0.00011110388958347051,
        "apr": 0.04055291969796673
    },
    "9/15/2022": {
        "tvl": 143793.9637219919,
        "revenue": 4.600163171648614,
        "volume": 1507.9278141938482,
        "rr": 0.000031991351045461606,
        "apr": 0.011676843131593485
    },
    "9/16/2022": {
        "tvl": 144454.41225463423,
        "revenue": 4.777871368931477,
        "volume": 1552.8383809600386,
        "rr": 0.000033075288558921804,
        "apr": 0.012072480324006457
    },
    "9/17/2022": {
        "tvl": 144658.2563423654,
        "revenue": 3.069289667184655,
        "volume": 999.0240884102112,
        "rr": 0.0000212175215213469,
        "apr": 0.00774439535529162
    },
    "9/18/2022": {
        "tvl": 138652.06343813514,
        "revenue": 17.146782250300205,
        "volume": 5482.313984537012,
        "rr": 0.00012366770335120827,
        "apr": 0.04513871172319101
    },
    "9/19/2022": {
        "tvl": 142974.4932344165,
        "revenue": 15.803981294207851,
        "volume": 5241.684387866806,
        "rr": 0.00011053706809295094,
        "apr": 0.040346029853927094
    },
    "9/20/2022": {
        "tvl": 141975.87240616063,
        "revenue": 14.655874866803837,
        "volume": 4930.953678990954,
        "rr": 0.00010322792611463388,
        "apr": 0.03767819303184137
    },
    "9/21/2022": {
        "tvl": 139364.6097471306,
        "revenue": 53.55706508784762,
        "volume": 17721.555035174217,
        "rr": 0.0003842945865885461,
        "apr": 0.14026752410481932
    },
    "9/22/2022": {
        "tvl": 144479.35369544703,
        "revenue": 10.17774262461479,
        "volume": 3458.2607130664887,
        "rr": 0.00007044427016242613,
        "apr": 0.025712158609285534
    },
    "9/23/2022": {
        "tvl": 143800.89296853924,
        "revenue": 19.992490853886576,
        "volume": 6702.246061895508,
        "rr": 0.00013902897569808927,
        "apr": 0.05074557612980258
    },
    "9/24/2022": {
        "tvl": 142090.98364762243,
        "revenue": 5.317619339323897,
        "volume": 1730.3871696810704,
        "rr": 0.00003742404481139557,
        "apr": 0.013659776356159383
    },
    "9/25/2022": {
        "tvl": 141152.34885292925,
        "revenue": 5.11063285138283,
        "volume": 1673.646445335718,
        "rr": 0.00003620650235659732,
        "apr": 0.013215373360158022
    },
    "9/26/2022": {
        "tvl": 144087.39762551276,
        "revenue": 30.825313347998996,
        "volume": 10226.360203507395,
        "rr": 0.00021393483299708737,
        "apr": 0.0780862140439369
    },
    "9/27/2022": {
        "tvl": 138717.63937497282,
        "revenue": 12.207965451323544,
        "volume": 3899.0254275600873,
        "rr": 0.00008800586216958132,
        "apr": 0.03212213969189718
    },
    "9/28/2022": {
        "tvl": 139764.33183591522,
        "revenue": 10.70821393614316,
        "volume": 1214.0281488414905,
        "rr": 0.0000766162138471403,
        "apr": 0.02796491805420621
    },
    "9/29/2022": {
        "tvl": 139706.55340604682,
        "revenue": 1.6589375754984603,
        "volume": 549.967277859168,
        "rr": 0.000011874443503569087,
        "apr": 0.004334171878802717
    },
    "9/30/2022": {
        "tvl": 139729.37974044765,
        "revenue": 4.736004788533138,
        "volume": 1564.4234343787568,
        "rr": 0.000033894123035044146,
        "apr": 0.012371354907791112
    },
    "10/1/2022": {
        "tvl": 139031.03088333033,
        "revenue": 2.3422032639236012,
        "volume": 770.900817975942,
        "rr": 0.000016846622290307918,
        "apr": 0.00614901713596239
    },
    "10/2/2022": {
        "tvl": 137902.9975186964,
        "revenue": 17.76282759168312,
        "volume": 5829.68824708148,
        "rr": 0.0001288066823150447,
        "apr": 0.04701443904499131
    },
    "10/3/2022": {
        "tvl": 139716.54196994886,
        "revenue": 6.881995953445744,
        "volume": 2281.3720874987903,
        "rr": 0.00004925684429640385,
        "apr": 0.017978748168187404
    },
    "10/4/2022": {
        "tvl": 140689.65166281676,
        "revenue": 2.5064460419075205,
        "volume": 834.8710998718019,
        "rr": 0.000017815425742289728,
        "apr": 0.006502630395935751
    },
    "10/5/2022": {
        "tvl": 140420.24638254894,
        "revenue": 12.33669135198468,
        "volume": 2696.6578634440702,
        "rr": 0.00008785550281955531,
        "apr": 0.03206725852913769
    },
    "10/6/2022": {
        "tvl": 139582.74704629392,
        "revenue": 5.420710160974062,
        "volume": 1784.6992297585903,
        "rr": 0.00003883510158441167,
        "apr": 0.014174812078310258
    },
    "10/7/2022": {
        "tvl": 138560.94933070784,
        "revenue": 17.12056023618509,
        "volume": 5603.630943040851,
        "rr": 0.00012355977870303776,
        "apr": 0.045099319226608786
    },
    "10/8/2022": {
        "tvl": 138565.2315412087,
        "revenue": 7.219670926608163,
        "volume": 2409.755309556442,
        "rr": 0.00005210304811897251,
        "apr": 0.019017612563424966
    },
    "10/9/2022": {
        "tvl": 139503.95320276337,
        "revenue": 2.284170880780488,
        "volume": 760.4807129246436,
        "rr": 0.00001637352080955396,
        "apr": 0.005976335095487196
    },
    "10/10/2022": {
        "tvl": 135523.27435821283,
        "revenue": 36.03783606015264,
        "volume": 11250.064433616719,
        "rr": 0.00026591621425038804,
        "apr": 0.09705941820139163
    },
    "10/11/2022": {
        "tvl": 135612.0670244274,
        "revenue": 11.244495385244198,
        "volume": 3828.3616778209193,
        "rr": 0.00008291662852700829,
        "apr": 0.030264569412358024
    },
    "10/12/2022": {
        "tvl": 134179.88683037975,
        "revenue": 13.632905004276138,
        "volume": 4387.399975725697,
        "rr": 0.00010160170295500282,
        "apr": 0.03708462157857603
    },
    "10/13/2022": {
        "tvl": 137436.20050072772,
        "revenue": 46.04965594581955,
        "volume": 15697.865946182297,
        "rr": 0.0003350620562707983,
        "apr": 0.12229765053884138
    },
    "10/14/2022": {
        "tvl": 136597.6439253363,
        "revenue": 10.641013576664186,
        "volume": 3463.6514538521997,
        "rr": 0.00007790041812493134,
        "apr": 0.02843365261559994
    },
    "10/15/2022": {
        "tvl": 136270.34361547133,
        "revenue": 7.60467652575934,
        "volume": 1170.136660813291,
        "rr": 0.00005580580722110948,
        "apr": 0.02036911963570496
    },
    "10/16/2022": {
        "tvl": 136893.66595864753,
        "revenue": 2.9664153390729666,
        "volume": 989.4593826334568,
        "rr": 0.00002166948571578946,
        "apr": 0.007909362286263153
    },
    "10/17/2022": {
        "tvl": 137590.33103788382,
        "revenue": 4.985587998779073,
        "volume": 1662.0167468654013,
        "rr": 0.00003623501710600836,
        "apr": 0.01322578124369305
    },
    "10/18/2022": {
        "tvl": 137159.29882203773,
        "revenue": 15.976948865250325,
        "volume": 5202.274961706428,
        "rr": 0.00011648462045566588,
        "apr": 0.04251688646631804
    },
    "10/19/2022": {
        "tvl": 134735.0576132265,
        "revenue": 17.267544587785782,
        "volume": 5534.306012368899,
        "rr": 0.00012815925486412295,
        "apr": 0.04677812802540487
    },
    "10/20/2022": {
        "tvl": 134587.4477650424,
        "revenue": 24.406958619932315,
        "volume": 7681.407789128504,
        "rr": 0.00018134647045645033,
        "apr": 0.06619146171660438
    },
    "10/21/2022": {
        "tvl": 135064.93717573342,
        "revenue": 15.683238424427554,
        "volume": 4693.895582862007,
        "rr": 0.00011611628267388184,
        "apr": 0.04238244317596687
    },
    "10/22/2022": {
        "tvl": 135393.10211275355,
        "revenue": 1.8484763642055966,
        "volume": 611.9879053932988,
        "rr": 0.000013652662767606952,
        "apr": 0.004983221910176538
    },
    "10/23/2022": {
        "tvl": 136308.1763550027,
        "revenue": 4.867491788542138,
        "volume": 1623.5039065075084,
        "rr": 0.00003570946306159347,
        "apr": 0.013033954017481617
    },
    "10/24/2022": {
        "tvl": 136646.32327483062,
        "revenue": 14.7071035724411,
        "volume": 3317.648516868715,
        "rr": 0.00010762897398169553,
        "apr": 0.03928457550331887
    },
    "10/25/2022": {
        "tvl": 138664.75655132288,
        "revenue": 20.07149290430043,
        "volume": 6788.99069359151,
        "rr": 0.00014474833694942183,
        "apr": 0.05283314298653896
    },
    "10/26/2022": {
        "tvl": 140847.32750063096,
        "revenue": 15.421658099643826,
        "volume": 5185.557163333485,
        "rr": 0.0001094920178700213,
        "apr": 0.03996458652255777
    },
    "10/27/2022": {
        "tvl": 139056.1164184996,
        "revenue": 11.92814967583818,
        "volume": 3900.7577318787116,
        "rr": 0.00008577939599535153,
        "apr": 0.031309479538303306
    },
    "10/28/2022": {
        "tvl": 141327.74952805755,
        "revenue": 6.102976070584617,
        "volume": 2055.4989792988285,
        "rr": 0.00004318314054362695,
        "apr": 0.015761846298423837
    },
    "10/29/2022": {
        "tvl": 140369.23102773866,
        "revenue": 7.001418584990568,
        "volume": 2312.7791526635633,
        "rr": 0.00004987858474202942,
        "apr": 0.01820568343084074
    },
    "10/30/2022": {
        "tvl": 139836.83792737153,
        "revenue": 9.319307267037349,
        "volume": 2976.4577284502884,
        "rr": 0.00006664415046253843,
        "apr": 0.024325114918826527
    },
    "10/31/2022": {
        "tvl": 139944.64109244512,
        "revenue": 19.48976431531474,
        "volume": 6270.533268382538,
        "rr": 0.00013926767158193735,
        "apr": 0.050832700127407135
    },
    "11/1/2022": {
        "tvl": 138982.8624311881,
        "revenue": 14.275788862172737,
        "volume": 4403.171506343865,
        "rr": 0.00010271618106326477,
        "apr": 0.03749140608809164
    },
    "11/2/2022": {
        "tvl": 139136.60886103532,
        "revenue": 19.765051545417407,
        "volume": 6422.194302285727,
        "rr": 0.0001420550041230201,
        "apr": 0.05185007650490234
    },
    "11/3/2022": {
        "tvl": 137378.43088615625,
        "revenue": 13.54445336588547,
        "volume": 4334.235772267235,
        "rr": 0.00009859228467320017,
        "apr": 0.03598618390571806
    },
    "11/4/2022": {
        "tvl": 141209.5966068521,
        "revenue": 21.60145095179262,
        "volume": 6820.769058092735,
        "rr": 0.00015297438326330028,
        "apr": 0.0558356498911046
    },
    "11/5/2022": {
        "tvl": 140423.36071942517,
        "revenue": 20.319859350045984,
        "volume": 6195.519955954501,
        "rr": 0.00014470426605617536,
        "apr": 0.05281705711050401
    },
    "11/6/2022": {
        "tvl": 138116.52817921477,
        "revenue": 12.678878904057198,
        "volume": 4132.094554232321,
        "rr": 0.00009179841885111364,
        "apr": 0.03350642288065648
    },
    "11/7/2022": {
        "tvl": 136218.88577903522,
        "revenue": 48.10605867836743,
        "volume": 9948.758346503091,
        "rr": 0.00035315263667918796,
        "apr": 0.12890071238790363
    },
    "11/8/2022": {
        "tvl": 127857.95304676908,
        "revenue": 66.36674845790029,
        "volume": 24407.747675426457,
        "rr": 0.0005190662518554793,
        "apr": 0.18945918192724995
    },
    "11/9/2022": {
        "tvl": 120988.58071339435,
        "revenue": 55.05271006870747,
        "volume": 18332.50574467217,
        "rr": 0.00045502401750723833,
        "apr": 0.166083766390142
    },
    "11/10/2022": {
        "tvl": 123057.13830598422,
        "revenue": 51.81169983646598,
        "volume": 16947.660460368137,
        "rr": 0.0004210377435206975,
        "apr": 0.1536787763850546
    },
    "11/11/2022": {
        "tvl": 119750.05129293549,
        "revenue": 34.0534067944615,
        "volume": 12069.610682468727,
        "rr": 0.00028437070737580923,
        "apr": 0.10379530819217037
    },
    "11/12/2022": {
        "tvl": 120840.35886502423,
        "revenue": 13.491789223684583,
        "volume": 4174.566771661353,
        "rr": 0.00011164969510521387,
        "apr": 0.04075213871340306
    },
    "11/13/2022": {
        "tvl": 114015.3723488533,
        "revenue": 41.63993827003832,
        "volume": 13020.251149932177,
        "rr": 0.0003652133691466834,
        "apr": 0.13330287973853946
    },
    "11/14/2022": {
        "tvl": 118644.96222751187,
        "revenue": 18.04630542486962,
        "volume": 6073.282829676739,
        "rr": 0.00015210342762185118,
        "apr": 0.05551775108197568
    },
    "11/15/2022": {
        "tvl": 118680.06465769142,
        "revenue": 3.0187474441974818,
        "volume": 1003.9746708748505,
        "rr": 0.000025436011118669735,
        "apr": 0.009284144058314453
    },
    "11/16/2022": {
        "tvl": 115751.34650506778,
        "revenue": 17.262648050472713,
        "volume": 5505.543334405947,
        "rr": 0.00014913561329255834,
        "apr": 0.0544344988517838
    },
    "11/17/2022": {
        "tvl": 115862.11791198811,
        "revenue": 9.385326284602307,
        "volume": 2808.754423609876,
        "rr": 0.00008100427002147195,
        "apr": 0.02956655855783726
    },
    "11/18/2022": {
        "tvl": 116360.05315368765,
        "revenue": 3.286760842512053,
        "volume": 1092.6813768839384,
        "rr": 0.000028246470789858778,
        "apr": 0.010309961838298454
    },
    "11/19/2022": {
        "tvl": 117686.51667752743,
        "revenue": 4.048971076023094,
        "volume": 1281.0740404729495,
        "rr": 0.000034404715088285526,
        "apr": 0.012557721007224217
    },
    "11/20/2022": {
        "tvl": 114476.50572726157,
        "revenue": 12.113063798098862,
        "volume": 3782.0192924433254,
        "rr": 0.00010581266191822837,
        "apr": 0.03862162160015335
    },
    "11/21/2022": {
        "tvl": 113891.0466230434,
        "revenue": 18.967783107421166,
        "volume": 6203.123881555089,
        "rr": 0.00016654323293911538,
        "apr": 0.060788280022777114
    },
    "11/22/2022": {
        "tvl": 116918.24363630074,
        "revenue": 13.363949394437784,
        "volume": 4589.64122066,
        "rr": 0.00011430166053476832,
        "apr": 0.04172010609519044
    },
    "11/23/2022": {
        "tvl": 118072.13302829584,
        "revenue": 8.444624884447215,
        "volume": 2829.9994635475637,
        "rr": 0.0000715208971656629,
        "apr": 0.026105127465466955
    },
    "11/24/2022": {
        "tvl": 116127.71806091916,
        "revenue": 8.931716944246293,
        "volume": 2883.6555259782526,
        "rr": 0.00007691287741967706,
        "apr": 0.02807320025818213
    },
    "11/25/2022": {
        "tvl": 117403.69758632293,
        "revenue": 2.196629108577366,
        "volume": 733.8615214659924,
        "rr": 0.00001871005048169168,
        "apr": 0.006829168425817464
    },
    "11/26/2022": {
        "tvl": 116591.85566160452,
        "revenue": 3.313905941857703,
        "volume": 1097.2413596890854,
        "rr": 0.00002842313404356444,
        "apr": 0.01037444392590102
    },
    "11/27/2022": {
        "tvl": 114778.92031817135,
        "revenue": 13.114051700333702,
        "volume": 4762.794943294239,
        "rr": 0.0001142548794149751,
        "apr": 0.041703030986465904
    },
    "11/28/2022": {
        "tvl": 116468.55404705495,
        "revenue": 5.108672471699694,
        "volume": 1690.0913068573586,
        "rr": 0.0000438631054836975,
        "apr": 0.016010033501549586
    },
    "11/29/2022": {
        "tvl": 117548.81402907647,
        "revenue": 10.7902125314931,
        "volume": 3538.048607812025,
        "rr": 0.00009179346147060293,
        "apr": 0.03350461343677007
    },
    "11/30/2022": {
        "tvl": 118448.79998340251,
        "revenue": 11.805572454380437,
        "volume": 3922.092020113936,
        "rr": 0.00009966814738549211,
        "apr": 0.03637887379570462
    },
    "12/1/2022": {
        "tvl": 117607.12350902127,
        "revenue": 18.27154091081851,
        "volume": 4961.334738872724,
        "rr": 0.00015536083500432656,
        "apr": 0.05670670477657919
    },
    "12/2/2022": {
        "tvl": 119026.65413945737,
        "revenue": 12.383890707307508,
        "volume": 3901.92974552109,
        "rr": 0.00010404300445846309,
        "apr": 0.03797569662733903
    },
    "12/3/2022": {
        "tvl": 117637.57002166111,
        "revenue": 12.950024816341482,
        "volume": 4334.047662284899,
        "rr": 0.00011008408975089283,
        "apr": 0.04018069275907588
    },
    "12/4/2022": {
        "tvl": 118152.31983770734,
        "revenue": 8.526226062745929,
        "volume": 2677.3834391905702,
        "rr": 0.00007216300174602965,
        "apr": 0.02633949563730082
    },
    "12/5/2022": {
        "tvl": 118436.69379375604,
        "revenue": 8.46521593995063,
        "volume": 2764.839656402539,
        "rr": 0.0000714746052831552,
        "apr": 0.026088230928351646
    },
    "12/6/2022": {
        "tvl": 118507.21176356159,
        "revenue": 10.497267687646358,
        "volume": 3496.020303488283,
        "rr": 0.00008857914663109172,
        "apr": 0.032331388520348475
    },
    "12/7/2022": {
        "tvl": 116688.35830522924,
        "revenue": 9.127763044133951,
        "volume": 3033.310238149385,
        "rr": 0.00007822342499890071,
        "apr": 0.02855155012459876
    },
    "12/8/2022": {
        "tvl": 117592.76675387485,
        "revenue": 4.3927496893301266,
        "volume": 1460.134045745534,
        "rr": 0.00003735561132364784,
        "apr": 0.01363479813313146
    },
    "12/9/2022": {
        "tvl": 117078.21810850494,
        "revenue": 10.982229379622732,
        "volume": 2320.4942000294404,
        "rr": 0.00009380249850954084,
        "apr": 0.03423791195598241
    },
    "12/10/2022": {
        "tvl": 117802.8205641475,
        "revenue": 1.5078339937664256,
        "volume": 503.5242810081216,
        "rr": 0.00001279964254289956,
        "apr": 0.0046718695281583395
    },
    "12/11/2022": {
        "tvl": 115493.68253665902,
        "revenue": 5.353801072878271,
        "volume": 1757.3977775679216,
        "rr": 0.00004635579154884868,
        "apr": 0.01691986391532977
    },
    "12/12/2022": {
        "tvl": 114025.81549815637,
        "revenue": 7.407695132915018,
        "volume": 2403.9177553186614,
        "rr": 0.00006496507041455704,
        "apr": 0.023712250701313317
    },
    "12/13/2022": {
        "tvl": 116101.05372355439,
        "revenue": 32.570684459803765,
        "volume": 11848.730166209889,
        "rr": 0.0002805373716706921,
        "apr": 0.1023961406598026
    },
    "12/14/2022": {
        "tvl": 114712.74362938391,
        "revenue": 9.204365436873386,
        "volume": 3066.8693521980126,
        "rr": 0.00008023838630005244,
        "apr": 0.029287010999519143
    },
    "12/15/2022": {
        "tvl": 114135.49683984097,
        "revenue": 3.032796416090735,
        "volume": 1007.4874667019466,
        "rr": 0.000026571894809784408,
        "apr": 0.009698741605571309
    },
    "12/16/2022": {
        "tvl": 108407.41978150424,
        "revenue": 35.808385406824016,
        "volume": 11272.622315910015,
        "rr": 0.0003303130494111567,
        "apr": 0.12056426303507219
    },
    "12/17/2022": {
        "tvl": 108286.6129965785,
        "revenue": 15.310494091879946,
        "volume": 5056.952282643432,
        "rr": 0.00014138861368176423,
        "apr": 0.051606843993843944
    },
    "12/18/2022": {
        "tvl": 106837.76562370898,
        "revenue": 12.250737482261455,
        "volume": 3984.656989786121,
        "rr": 0.00011466673241192179,
        "apr": 0.041853357330351455
    },
    "12/19/2022": {
        "tvl": 105590.69375133481,
        "revenue": 22.842546064356753,
        "volume": 7678.808318179987,
        "rr": 0.000216331053929343,
        "apr": 0.0789608346842102
    },
    "12/20/2022": {
        "tvl": 104897.01402585953,
        "revenue": 34.243085041148284,
        "volume": 9992.654610966916,
        "rr": 0.0003264448026395353,
        "apr": 0.1191523529634304
    },
    "12/21/2022": {
        "tvl": 105794.38715147237,
        "revenue": 15.104939520156,
        "volume": 4567.5169028007285,
        "rr": 0.00014277637903917646,
        "apr": 0.05211337834929941
    },
    "12/22/2022": {
        "tvl": 106090.13476697671,
        "revenue": 24.36549768831803,
        "volume": 8530.633044560827,
        "rr": 0.00022966789270120164,
        "apr": 0.0838287808359386
    },
    "12/23/2022": {
        "tvl": 105738.9698016275,
        "revenue": 3.1739197168440354,
        "volume": 1061.913515200207,
        "rr": 0.000030016556079546588,
        "apr": 0.010956042969034505
    },
    "12/24/2022": {
        "tvl": 105044.97627467425,
        "revenue": 2.162217736250596,
        "volume": 709.1101739725642,
        "rr": 0.00002058373292023766,
        "apr": 0.007513062515886746
    },
    "12/25/2022": {
        "tvl": 104616.89614245316,
        "revenue": 15.615421426836848,
        "volume": 4798.343804243205,
        "rr": 0.0001492629011433667,
        "apr": 0.05448095891732885
    },
    "12/26/2022": {
        "tvl": 104607.90886894349,
        "revenue": 8.49104429572709,
        "volume": 2830.3439429492587,
        "rr": 0.0000811701943718708,
        "apr": 0.029627120945732843
    },
    "12/27/2022": {
        "tvl": 102311.02704428043,
        "revenue": 10.415488108716874,
        "volume": 3333.4289980153035,
        "rr": 0.00010180220460702665,
        "apr": 0.03715780468156473
    },
    "12/28/2022": {
        "tvl": 101191.85721440686,
        "revenue": 58.43019191467515,
        "volume": 19073.538362930347,
        "rr": 0.000577419898429894,
        "apr": 0.21075826292691133
    },
    "12/29/2022": {
        "tvl": 99946.1586932822,
        "revenue": 21.111232393042684,
        "volume": 6645.142812544184,
        "rr": 0.00021122605079630397,
        "apr": 0.07709750854065095
    },
    "12/30/2022": {
        "tvl": 100029.13467156216,
        "revenue": 13.953555003822935,
        "volume": 4943.169167783885,
        "rr": 0.00013949490865474684,
        "apr": 0.050915641658982595
    },
    "12/31/2022": {
        "tvl": 99822.09299466282,
        "revenue": 10.716683758207395,
        "volume": 3332.421456835283,
        "rr": 0.00010735783469076714,
        "apr": 0.03918560966213001
    },
    "1/1/2023": {
        "tvl": 101925.97269259885,
        "revenue": 16.236666643953665,
        "volume": 5183.1180051368265,
        "rr": 0.00015929861854664114,
        "apr": 0.05814399576952402
    },
    "1/2/2023": {
        "tvl": 103206.05713745077,
        "revenue": 8.910648976166296,
        "volume": 2698.886313169376,
        "rr": 0.00008633843035296865,
        "apr": 0.03151352707883356
    },
    "1/3/2023": {
        "tvl": 104776.60514018124,
        "revenue": 2.94749189178794,
        "volume": 989.2912385577497,
        "rr": 0.00002813120245539997,
        "apr": 0.010267888896220989
    },
    "1/4/2023": {
        "tvl": 104331.592677653,
        "revenue": 3.0534527522344375,
        "volume": 1013.6700268637776,
        "rr": 0.00002926680858470651,
        "apr": 0.010682385133417877
    },
    "1/5/2023": {
        "tvl": 104563.70020073526,
        "revenue": 4.0379732844246385,
        "volume": 1316.5971073331182,
        "rr": 0.00003861735264410856,
        "apr": 0.014095333715099625
    },
    "1/6/2023": {
        "tvl": 106214.30226636988,
        "revenue": 6.097026400773749,
        "volume": 1596.4797150047575,
        "rr": 0.000057403064094732755,
        "apr": 0.02095211839457746
    },
    "1/7/2023": {
        "tvl": 106715.44013858882,
        "revenue": 4.264582368484789,
        "volume": 1416.9072826838762,
        "rr": 0.0000399621869426437,
        "apr": 0.014586198234064948
    },
    "1/8/2023": {
        "tvl": 109894.37963574438,
        "revenue": 5.81169075091812,
        "volume": 1924.3042609315562,
        "rr": 0.00005288433102931683,
        "apr": 0.019302780825700642
    },
    "1/9/2023": {
        "tvl": 109488.63356996483,
        "revenue": 24.814655068169824,
        "volume": 7983.2388119795705,
        "rr": 0.00022664138056223797,
        "apr": 0.08272410390521685
    },
    "1/10/2023": {
        "tvl": 108788.25451812931,
        "revenue": 25.102532178688506,
        "volume": 6892.710440366728,
        "rr": 0.0002307467133274505,
        "apr": 0.08422255036451942
    },
    "1/11/2023": {
        "tvl": 112010.4965053786,
        "revenue": 26.977929105081365,
        "volume": 7882.981334290677,
        "rr": 0.00024085179466895693,
        "apr": 0.08791090505416929
    },
    "1/12/2023": {
        "tvl": 113257.76720091616,
        "revenue": 33.2185487354233,
        "volume": 11223.831779507582,
        "rr": 0.00029330040275731825,
        "apr": 0.10705464700642116
    },
    "1/13/2023": {
        "tvl": 119345.97734659936,
        "revenue": 42.80409983927854,
        "volume": 14750.447949608782,
        "rr": 0.0003586555725709024,
        "apr": 0.1309092839883794
    },
    "1/14/2023": {
        "tvl": 121311.67765213644,
        "revenue": 142.88111125047615,
        "volume": 29618.97587005776,
        "rr": 0.001177801791350957,
        "apr": 0.4298976538430993
    },
    "1/15/2023": {
        "tvl": 117880.5366768943,
        "revenue": 35.3433129500355,
        "volume": 11762.992407324455,
        "rr": 0.00029982314253378453,
        "apr": 0.10943544702483135
    },
    "1/16/2023": {
        "tvl": 116934.340188318,
        "revenue": 36.07034381929213,
        "volume": 10857.61131220546,
        "rr": 0.0003084666468481569,
        "apr": 0.11259032609957725
    },
    "1/17/2023": {
        "tvl": 117244.88375366651,
        "revenue": 7.651103953271083,
        "volume": 2533.865051696789,
        "rr": 0.00006525746547155254,
        "apr": 0.02381897489711668
    },
    "1/18/2023": {
        "tvl": 114570.40418091428,
        "revenue": 24.805291987431197,
        "volume": 8839.054884628364,
        "rr": 0.00021650697808713317,
        "apr": 0.0790250470018036
    },
    "1/19/2023": {
        "tvl": 115853.54374569101,
        "revenue": 31.427296301124564,
        "volume": 10147.252767499029,
        "rr": 0.0002712674579045274,
        "apr": 0.09901262213515251
    },
    "1/20/2023": {
        "tvl": 122395.8955585592,
        "revenue": 61.72258852303368,
        "volume": 15746.273741103045,
        "rr": 0.0005042864243229715,
        "apr": 0.18406454487788457
    },
    "1/21/2023": {
        "tvl": 121850.38621691715,
        "revenue": 36.930451696989635,
        "volume": 11769.87333476729,
        "rr": 0.0003030803007160463,
        "apr": 0.11062430976135691
    },
    "1/22/2023": {
        "tvl": 122357.82804405203,
        "revenue": 12.190273214823332,
        "volume": 4082.796303641613,
        "rr": 0.00009962806147911119,
        "apr": 0.03636424243987559
    },
    "1/23/2023": {
        "tvl": 122649.01489495975,
        "revenue": 32.97017085571955,
        "volume": 8548.476807802395,
        "rr": 0.0002688172496449008,
        "apr": 0.0981182961203888
    },
    "1/24/2023": {
        "tvl": 118846.39562784442,
        "revenue": 32.72645722994897,
        "volume": 8987.48952861537,
        "rr": 0.0002753676883262711,
        "apr": 0.10050920623908895
    },
    "1/25/2023": {
        "tvl": 121998.71098258966,
        "revenue": 20.707935033945322,
        "volume": 6132.998690185421,
        "rr": 0.00016973896582317608,
        "apr": 0.06195472252545927
    },
    "1/26/2023": {
        "tvl": 120358.7896335725,
        "revenue": 11.373488635391784,
        "volume": 3871.3155744275846,
        "rr": 0.00009449653548376411,
        "apr": 0.034491235451573905
    },
    "1/27/2023": {
        "tvl": 124124.65447151486,
        "revenue": 13.382377914242953,
        "volume": 3393.7434710696702,
        "rr": 0.00010781401947277163,
        "apr": 0.03935211710756164
    },
    "1/28/2023": {
        "tvl": 122395.11920683399,
        "revenue": 27.660508557858794,
        "volume": 8920.96396468989,
        "rr": 0.00022599355870650076,
        "apr": 0.08248764892787276
    },
    "1/29/2023": {
        "tvl": 133517.06025059096,
        "revenue": 18.6461553908757,
        "volume": 7050.139877827785,
        "rr": 0.00013965372931279145,
        "apr": 0.05097361119916888
    },
    "1/30/2023": {
        "tvl": 128252.69753023732,
        "revenue": 29.307625331925838,
        "volume": 9720.343287078507,
        "rr": 0.00022851468933053956,
        "apr": 0.08340786160564694
    },
    "1/31/2023": {
        "tvl": 119593.9520297841,
        "revenue": 11.795171555535614,
        "volume": 3367.3266792498953,
        "rr": 0.00009862682314067273,
        "apr": 0.03599879044634555
    },
    "2/1/2023": {
        "tvl": 122288.0681806583,
        "revenue": 37.84691504359669,
        "volume": 11864.549382303763,
        "rr": 0.00030948984317656224,
        "apr": 0.11296379275944521
    },
    "2/2/2023": {
        "tvl": 121956.54547309176,
        "revenue": 17.50931803956739,
        "volume": 5632.240045565453,
        "rr": 0.00014357013780314572,
        "apr": 0.05240310029814819
    },
    "2/3/2023": {
        "tvl": 124352.08883843155,
        "revenue": 29.70521530308391,
        "volume": 9425.456335523502,
        "rr": 0.00023887990608408168,
        "apr": 0.08719116572068981
    },
    "2/4/2023": {
        "tvl": 126280.53257071185,
        "revenue": 7.626850219425261,
        "volume": 2130.7683127543064,
        "rr": 0.000060396088487784465,
        "apr": 0.022044572298041333
    },
    "2/5/2023": {
        "tvl": 126194.19785999619,
        "revenue": 24.934265945223974,
        "volume": 8097.392716016372,
        "rr": 0.00019758646885561913,
        "apr": 0.07211906113230097
    },
    "2/6/2023": {
        "tvl": 124735.71522636672,
        "revenue": 44.067601655459264,
        "volume": 13792.642684514269,
        "rr": 0.00035328776185302395,
        "apr": 0.12895003307635375
    },
    "2/7/2023": {
        "tvl": 130153.11238833096,
        "revenue": 17.442795730767756,
        "volume": 5354.405061679806,
        "rr": 0.00013401750761614218,
        "apr": 0.0489163902798919
    },
    "2/8/2023": {
        "tvl": 136234.43799722535,
        "revenue": 29.383986605506106,
        "volume": 8338.818358987603,
        "rr": 0.0002156869220255789,
        "apr": 0.0787257265393363
    },
    "2/9/2023": {
        "tvl": 130431.50106707263,
        "revenue": 36.24459665320626,
        "volume": 7458.2091654731,
        "rr": 0.00027788223210409855,
        "apr": 0.10142701471799598
    },
    "2/10/2023": {
        "tvl": 131446.95125790665,
        "revenue": 4.973737559069319,
        "volume": 1554.737051657594,
        "rr": 0.00003783836377696241,
        "apr": 0.013811002778591281
    },
    "2/11/2023": {
        "tvl": 130604.07801016966,
        "revenue": 15.008771844136596,
        "volume": 3922.2167512309425,
        "rr": 0.00011491809499982013,
        "apr": 0.04194510467493435
    },
    "2/12/2023": {
        "tvl": 129151.43210994729,
        "revenue": 17.691252571214893,
        "volume": 5196.107388579106,
        "rr": 0.00013698069221682526,
        "apr": 0.049997952659141226
    },
    "2/13/2023": {
        "tvl": 128072.80449899328,
        "revenue": 18.774336572502545,
        "volume": 6042.690823984539,
        "rr": 0.00014659112561753984,
        "apr": 0.05350576085040204
    },
    "2/14/2023": {
        "tvl": 129377.32367244543,
        "revenue": 4.341024761153578,
        "volume": 1698.9056071767077,
        "rr": 0.00003355321193800612,
        "apr": 0.012246922357372235
    },
    "2/15/2023": {
        "tvl": 135737.6933744708,
        "revenue": 17.266913807757742,
        "volume": 5196.942777211678,
        "rr": 0.00012720795070623515,
        "apr": 0.046430902007775825
    },
    "2/16/2023": {
        "tvl": 132962.74234897588,
        "revenue": 12.674517611321852,
        "volume": 4263.938112298479,
        "rr": 0.00009532382821990941,
        "apr": 0.034793197300266934
    },
    "2/17/2023": {
        "tvl": 136160.74595673507,
        "revenue": 7.283771010196492,
        "volume": 2184.153794869208,
        "rr": 0.00005349391235349799,
        "apr": 0.019525278009026766
    },
    "2/18/2023": {
        "tvl": 135923.6339277491,
        "revenue": 7.906587167062768,
        "volume": 2629.533692131048,
        "rr": 0.000058169333313039256,
        "apr": 0.021231806659259327
    },
    "2/19/2023": {
        "tvl": 138738.4740094712,
        "revenue": 16.926539669042743,
        "volume": 5480.1990704926075,
        "rr": 0.00012200321352739708,
        "apr": 0.04453117293749993
    },
    "2/20/2023": {
        "tvl": 141660.83580554576,
        "revenue": 12.209594990695834,
        "volume": 3679.4287600271764,
        "rr": 0.00008618892385652471,
        "apr": 0.03145895720763152
    },
    "2/21/2023": {
        "tvl": 142043.86890348603,
        "revenue": 42.92799723814533,
        "volume": 13357.927191427452,
        "rr": 0.0003022164741747033,
        "apr": 0.11030901307376671
    },
    "2/22/2023": {
        "tvl": 151401.60130575707,
        "revenue": 77.5633004759048,
        "volume": 31619.2555246555,
        "rr": 0.0005123017181255892,
        "apr": 0.18699012711584007
    },
    "2/23/2023": {
        "tvl": 144557.55344717272,
        "revenue": 20.360498430893166,
        "volume": 5145.052259617896,
        "rr": 0.00014084700484595384,
        "apr": 0.05140915676877315
    },
    "2/24/2023": {
        "tvl": 140156.22504592635,
        "revenue": 27.382550066585416,
        "volume": 7936.6784263389945,
        "rr": 0.00019537162946285625,
        "apr": 0.07131064475394254
    },
    "2/25/2023": {
        "tvl": 138780.89538023644,
        "revenue": 32.59903698069556,
        "volume": 10292.78845272689,
        "rr": 0.00023489571018676345,
        "apr": 0.08573693421816865
    },
    "2/26/2023": {
        "tvl": 138709.83965751948,
        "revenue": 1.6274166695233467,
        "volume": 541.2387399732129,
        "rr": 0.000011732525057641968,
        "apr": 0.0042823716460393185
    },
    "2/27/2023": {
        "tvl": 136937.74273644396,
        "revenue": 7.680501799376712,
        "volume": 2576.7600926810346,
        "rr": 0.00005608754493754818,
        "apr": 0.020471953902205083
    },
    "2/28/2023": {
        "tvl": 136359.47200840877,
        "revenue": 11.912157855668166,
        "volume": 3953.858146449632,
        "rr": 0.00008735849208138315,
        "apr": 0.03188584960970485
    },
    "3/1/2023": {
        "tvl": 136042.8631061277,
        "revenue": 6.389805579838674,
        "volume": 2109.383564023559,
        "rr": 0.000046969061323370966,
        "apr": 0.0171437073830304
    },
    "3/2/2023": {
        "tvl": 130795.12584624869,
        "revenue": 23.814214263943544,
        "volume": 7271.927318651206,
        "rr": 0.0001820726430733929,
        "apr": 0.0664565147217884
    },
    "3/3/2023": {
        "tvl": 134808.54477197296,
        "revenue": 7.49591627713155,
        "volume": 2354.749037581965,
        "rr": 0.00005560416285043951,
        "apr": 0.02029551944041042
    },
    "3/4/2023": {
        "tvl": 134417.00524970188,
        "revenue": 7.050772534792248,
        "volume": 2304.0474300140704,
        "rr": 0.00005245446825492257,
        "apr": 0.01914588091304674
    },
    "3/5/2023": {
        "tvl": 132578.34206640386,
        "revenue": 1.8670919718797991,
        "volume": 613.5838641849115,
        "rr": 0.000014082933477510513,
        "apr": 0.005140270719291337
    },
    "3/6/2023": {
        "tvl": 134671.53514175772,
        "revenue": 18.301525556203956,
        "volume": 5322.28475447914,
        "rr": 0.0001358975045241701,
        "apr": 0.049602589151322096
    },
    "3/7/2023": {
        "tvl": 131771.7339454732,
        "revenue": 15.982911894173842,
        "volume": 5053.751040026642,
        "rr": 0.00012129241541882971,
        "apr": 0.04427173162787285
    },
    "3/8/2023": {
        "tvl": 128952.6230054622,
        "revenue": 21.07340100114653,
        "volume": 6650.963770184629,
        "rr": 0.00016341971578394258,
        "apr": 0.05964819626113904
    },
    "3/9/2023": {
        "tvl": 126026.72234519006,
        "revenue": 23.345205161189124,
        "volume": 7213.77434808697,
        "rr": 0.00018524011992667773,
        "apr": 0.06761264377323738
    },
    "3/10/2023": {
        "tvl": 126996.88761454723,
        "revenue": 70.40184962812683,
        "volume": 20548.421280047467,
        "rr": 0.000554358858319473,
        "apr": 0.20234098328660766
    },
    "3/11/2023": {
        "tvl": 124511.62722011618,
        "revenue": 61.4952697984913,
        "volume": 14570.133128287234,
        "rr": 0.000493891784819242,
        "apr": 0.18027050145902335
    },
    "3/12/2023": {
        "tvl": 124938.93648437486,
        "revenue": 0.08046139727476433,
        "volume": 26.83229484621019,
        "rr": 6.440057802543166e-7,
        "apr": 0.00023506210979282554
    }
}