{
    "4/19/2021": {
        "tvl": 9123.7530980111,
        "revenue": 22.376225972261643,
        "volume": 7137.424207493578,
        "rr": 0.0024525242772230945,
        "apr": 0.8951713611864295
    },
    "4/20/2021": {
        "tvl": 13536.122109211841,
        "revenue": 4.95140137425303,
        "volume": 1672.9741708918737,
        "rr": 0.0003657917189505416,
        "apr": 0.13351397741694768
    },
    "4/21/2021": {
        "tvl": 11769.057079767395,
        "revenue": 1.2038560559858253,
        "volume": 380.2930514866028,
        "rr": 0.00010228993264510689,
        "apr": 0.03733582541546402
    },
    "4/22/2021": {
        "tvl": 37409.88774678221,
        "revenue": 70.78376562606233,
        "volume": 27104.62468916362,
        "rr": 0.0018921138204203982,
        "apr": 0.6906215444534454
    },
    "4/23/2021": {
        "tvl": 58406.971107013705,
        "revenue": 15.033784779178525,
        "volume": 4907.328864579528,
        "rr": 0.00025739709651496066,
        "apr": 0.09394994022796065
    },
    "4/24/2021": {
        "tvl": 56849.15484390258,
        "revenue": 8.579646541242234,
        "volume": 2616.243091481207,
        "rr": 0.00015091950909033527,
        "apr": 0.05508562081797238
    },
    "4/25/2021": {
        "tvl": 58617.429088222576,
        "revenue": 35.40523992148901,
        "volume": 12148.72516757808,
        "rr": 0.0006040053354813993,
        "apr": 0.22046194745071077
    },
    "4/26/2021": {
        "tvl": 79016.84699061813,
        "revenue": 30.388353603250888,
        "volume": 10428.637856604424,
        "rr": 0.0003845806908349428,
        "apr": 0.1403719521547541
    },
    "4/27/2021": {
        "tvl": 80231.68281678711,
        "revenue": 32.18427961837699,
        "volume": 11297.762814802329,
        "rr": 0.00040114177452654624,
        "apr": 0.14641674770218938
    },
    "4/28/2021": {
        "tvl": 79826.00408431161,
        "revenue": 11.785737952933701,
        "volume": 3864.697847069209,
        "rr": 0.0001476428400510402,
        "apr": 0.053889636618629666
    },
    "4/29/2021": {
        "tvl": 78929.51560473701,
        "revenue": 4.896032842137406,
        "volume": 1572.16682685247,
        "rr": 0.00006203044329646902,
        "apr": 0.022641111803211194
    },
    "4/30/2021": {
        "tvl": 82307.43290708291,
        "revenue": 4.3538658616781145,
        "volume": 1460.0258288504976,
        "rr": 0.00005289760241451347,
        "apr": 0.019307624881297416
    },
    "5/1/2021": {
        "tvl": 83623.11599552902,
        "revenue": 9.70196321696708,
        "volume": 3268.631733471541,
        "rr": 0.0001160201112032922,
        "apr": 0.04234734058920166
    },
    "5/2/2021": {
        "tvl": 83001.1845180844,
        "revenue": 3.0256933077961663,
        "volume": 1009.5599285320777,
        "rr": 0.00003645361599793705,
        "apr": 0.013305569839247022
    },
    "5/3/2021": {
        "tvl": 83096.81154247769,
        "revenue": 4.141756718386885,
        "volume": 1365.0566905293254,
        "rr": 0.000049842546801807055,
        "apr": 0.018192529582659576
    },
    "5/4/2021": {
        "tvl": 82108.91852580458,
        "revenue": 10.42665171558062,
        "volume": 3415.0902325927627,
        "rr": 0.00012698561743087396,
        "apr": 0.046349750362269
    },
    "5/5/2021": {
        "tvl": 89081.70459642798,
        "revenue": 36.32176985457683,
        "volume": 12454.49625446831,
        "rr": 0.0004077354605990922,
        "apr": 0.14882344311866863
    },
    "5/6/2021": {
        "tvl": 35084.67662256354,
        "revenue": 48.142177712061475,
        "volume": 16197.809711483462,
        "rr": 0.001372171054331464,
        "apr": 0.5008424348309843
    },
    "5/7/2021": {
        "tvl": 34058.972744421335,
        "revenue": 9.694489816912775,
        "volume": 3181.4088175690463,
        "rr": 0.0002846383503595444,
        "apr": 0.10389299788123371
    },
    "5/8/2021": {
        "tvl": 33562.98635703865,
        "revenue": 9.356059104084114,
        "volume": 3100.813841012385,
        "rr": 0.00027876122239408566,
        "apr": 0.10174784617384125
    },
    "5/9/2021": {
        "tvl": 33898.219451282326,
        "revenue": 3.5344045033474827,
        "volume": 1194.9190605504396,
        "rr": 0.0001042651962421519,
        "apr": 0.03805679662838545
    },
    "5/10/2021": {
        "tvl": 30602.71578314849,
        "revenue": 17.281301831151904,
        "volume": 5522.697551033379,
        "rr": 0.00056469830826805,
        "apr": 0.20611488251783824
    },
    "5/11/2021": {
        "tvl": 33253.007265673936,
        "revenue": 25.765385589837862,
        "volume": 9220.944608841311,
        "rr": 0.0007748287360594506,
        "apr": 0.28281248866169945
    },
    "5/12/2021": {
        "tvl": 31480.55720137554,
        "revenue": 51.96915267014054,
        "volume": 17806.728007409147,
        "rr": 0.0016508333171393087,
        "apr": 0.6025541607558477
    },
    "5/13/2021": {
        "tvl": 50968.647765831054,
        "revenue": 20.353634180526058,
        "volume": 6787.865201021255,
        "rr": 0.00039933635818706104,
        "apr": 0.14575777073827728
    },
    "5/14/2021": {
        "tvl": 52087.31313576185,
        "revenue": 12.481623866059829,
        "volume": 4180.691128821141,
        "rr": 0.00023962886765779934,
        "apr": 0.08746453669509677
    },
    "5/15/2021": {
        "tvl": 50047.93134211073,
        "revenue": 13.856965391608021,
        "volume": 4571.164330090126,
        "rr": 0.00027687388909017026,
        "apr": 0.10105896951791214
    },
    "5/16/2021": {
        "tvl": 46931.73790740579,
        "revenue": 10.66685736923553,
        "volume": 3306.0964586751566,
        "rr": 0.00022728451672258035,
        "apr": 0.08295884860374182
    },
    "5/17/2021": {
        "tvl": 88443.24307582177,
        "revenue": 42.90557230197705,
        "volume": 14443.65942580987,
        "rr": 0.00048511984420555914,
        "apr": 0.1770687431350291
    },
    "5/18/2021": {
        "tvl": 88910.70241292655,
        "revenue": 62.67094184462385,
        "volume": 20500.999334382213,
        "rr": 0.0007048751178858334,
        "apr": 0.2572794180283292
    },
    "5/19/2021": {
        "tvl": 78688.62025340744,
        "revenue": 124.72111553433636,
        "volume": 37118.87787787654,
        "rr": 0.0015849955830040824,
        "apr": 0.57852338779649
    },
    "5/20/2021": {
        "tvl": 89546.63291002401,
        "revenue": 91.24776455458108,
        "volume": 30900.506590318553,
        "rr": 0.0010189971592373145,
        "apr": 0.37193396312161975
    },
    "5/21/2021": {
        "tvl": 91180.21183803836,
        "revenue": 96.76504481795956,
        "volume": 30697.22778981406,
        "rr": 0.0010612504935812327,
        "apr": 0.38735643015714993
    },
    "5/22/2021": {
        "tvl": 90626.22874969013,
        "revenue": 27.876984345291152,
        "volume": 9190.467584762915,
        "rr": 0.0003076039324364633,
        "apr": 0.11227543533930912
    },
    "5/23/2021": {
        "tvl": 84481.4011226282,
        "revenue": 178.5991847674914,
        "volume": 60967.74176131295,
        "rr": 0.0021140651361623063,
        "apr": 0.7716337746992419
    },
    "5/24/2021": {
        "tvl": 92681.219067396,
        "revenue": 49.604223947310096,
        "volume": 16708.42481398637,
        "rr": 0.0005352133306666894,
        "apr": 0.19535286569334165
    },
    "5/25/2021": {
        "tvl": 96417.58427241785,
        "revenue": 25.456419501359765,
        "volume": 8731.115609214801,
        "rr": 0.0002640225814975337,
        "apr": 0.09636824224659979
    },
    "5/26/2021": {
        "tvl": 94624.54168451579,
        "revenue": 55.74895161045252,
        "volume": 18202.533583817345,
        "rr": 0.0005891595416791877,
        "apr": 0.21504323271290351
    },
    "5/27/2021": {
        "tvl": 98286.68109842416,
        "revenue": 69.87195406308226,
        "volume": 23700.959840466967,
        "rr": 0.0007108995164168028,
        "apr": 0.25947832349213307
    },
    "5/28/2021": {
        "tvl": 112113.47256374484,
        "revenue": 77.25182175085315,
        "volume": 26067.70813748702,
        "rr": 0.0006890502986331972,
        "apr": 0.251503359001117
    },
    "5/29/2021": {
        "tvl": 107786.78983091687,
        "revenue": 21.301668681558564,
        "volume": 7079.3729306527985,
        "rr": 0.0001976278235484524,
        "apr": 0.07213415559518513
    },
    "5/30/2021": {
        "tvl": 107056.10908005587,
        "revenue": 18.431639703797998,
        "volume": 5998.246510077022,
        "rr": 0.00017216803283981615,
        "apr": 0.06284133198653288
    },
    "5/31/2021": {
        "tvl": 111444.62979844601,
        "revenue": 515.405625873863,
        "volume": 180265.50852511017,
        "rr": 0.004624768612054287,
        "apr": 1.6880405433998147
    },
    "6/1/2021": {
        "tvl": 115190.71963479927,
        "revenue": 330.3283689586136,
        "volume": 115822.22198487628,
        "rr": 0.0028676647737412085,
        "apr": 1.046697642415541
    },
    "6/2/2021": {
        "tvl": 117053.91491819912,
        "revenue": 614.4879540011146,
        "volume": 226091.29321451113,
        "rr": 0.005249614713275824,
        "apr": 1.916109370345676
    },
    "6/3/2021": {
        "tvl": 115752.50619446933,
        "revenue": 403.73449959202014,
        "volume": 142722.64399070392,
        "rr": 0.0034879115179910518,
        "apr": 1.2730877040667339
    },
    "6/4/2021": {
        "tvl": 130156.53587589243,
        "revenue": 198.7094555391397,
        "volume": 71771.47790642946,
        "rr": 0.0015266959450166546,
        "apr": 0.557244019931079
    },
    "6/5/2021": {
        "tvl": 126700.92258763434,
        "revenue": 117.70083704679833,
        "volume": 41825.18241152312,
        "rr": 0.0009289659036649004,
        "apr": 0.33907255483768867
    },
    "6/6/2021": {
        "tvl": 134151.65448454506,
        "revenue": 132.46790152700763,
        "volume": 48767.36696887801,
        "rr": 0.0009874488841452834,
        "apr": 0.3604188427130285
    },
    "6/7/2021": {
        "tvl": 122900.62895063552,
        "revenue": 91.69508903836065,
        "volume": 30076.953400221686,
        "rr": 0.0007460912919753329,
        "apr": 0.2723233215709964
    },
    "6/8/2021": {
        "tvl": 169788.40657986235,
        "revenue": 314.5594723936312,
        "volume": 104623.48387149125,
        "rr": 0.0018526557774465819,
        "apr": 0.6762193587680024
    },
    "6/9/2021": {
        "tvl": 173422.74929452984,
        "revenue": 167.71433977250328,
        "volume": 57044.282444878576,
        "rr": 0.000967083848311436,
        "apr": 0.3529856046336741
    },
    "6/10/2021": {
        "tvl": 167553.08793498878,
        "revenue": 46.89824691187097,
        "volume": 15191.063777622845,
        "rr": 0.0002799008212254952,
        "apr": 0.10216379974730573
    },
    "6/11/2021": {
        "tvl": 164047.15134865534,
        "revenue": 140.08019323163157,
        "volume": 47680.840071084334,
        "rr": 0.0008539020158534425,
        "apr": 0.3116742357865065
    },
    "6/12/2021": {
        "tvl": 163426.41444846007,
        "revenue": 80.76755916224555,
        "volume": 26918.15831459241,
        "rr": 0.0004942136155579506,
        "apr": 0.18038796967865195
    },
    "6/13/2021": {
        "tvl": 168524.5280796869,
        "revenue": 87.16970385347969,
        "volume": 29791.75432457204,
        "rr": 0.0005172523243160275,
        "apr": 0.18879709837535003
    },
    "6/14/2021": {
        "tvl": 170934.75204952783,
        "revenue": 55.06435247504093,
        "volume": 18593.540780168605,
        "rr": 0.00032213667387592543,
        "apr": 0.11757988596471279
    },
    "6/15/2021": {
        "tvl": 169168.44496350022,
        "revenue": 51.74028645159595,
        "volume": 17395.647255813557,
        "rr": 0.0003058506949257554,
        "apr": 0.11163550364790073
    },
    "6/16/2021": {
        "tvl": 168326.90599986174,
        "revenue": 255.90509640525084,
        "volume": 95105.64479343039,
        "rr": 0.001520286343322089,
        "apr": 0.5549045153125626
    },
    "6/17/2021": {
        "tvl": 172110.8216251106,
        "revenue": 140.78930786677427,
        "volume": 48079.77096467742,
        "rr": 0.0008180154306243426,
        "apr": 0.298575632177885
    },
    "6/18/2021": {
        "tvl": 163728.99923204823,
        "revenue": 128.0470215619827,
        "volume": 42863.44999666593,
        "rr": 0.0007820668431528459,
        "apr": 0.2854543977507888
    },
    "6/19/2021": {
        "tvl": 163793.76414285094,
        "revenue": 138.2101514901032,
        "volume": 46815.871902584615,
        "rr": 0.0008438059422675256,
        "apr": 0.3079891689276469
    },
    "6/20/2021": {
        "tvl": 162855.70768517107,
        "revenue": 237.0672938865401,
        "volume": 80338.49806303304,
        "rr": 0.0014556891941720162,
        "apr": 0.5313265558727859
    },
    "6/21/2021": {
        "tvl": 153130.37115812016,
        "revenue": 258.97758350997657,
        "volume": 86537.8157710488,
        "rr": 0.0016912228550831378,
        "apr": 0.6172963421053453
    },
    "6/22/2021": {
        "tvl": 151994.86024482653,
        "revenue": 256.43368464580766,
        "volume": 89788.09395673084,
        "rr": 0.0016871207633781546,
        "apr": 0.6157990786330264
    },
    "6/23/2021": {
        "tvl": 152858.2605764552,
        "revenue": 135.99356169789266,
        "volume": 46597.75302557006,
        "rr": 0.0008896710009981612,
        "apr": 0.3247299153643288
    },
    "6/24/2021": {
        "tvl": 158300.89399702984,
        "revenue": 347.97460914941473,
        "volume": 121124.06748471245,
        "rr": 0.0021981847377055474,
        "apr": 0.8023374292625249
    },
    "6/25/2021": {
        "tvl": 152358.41155898644,
        "revenue": 338.64374789244806,
        "volume": 117935.95359046623,
        "rr": 0.0022226783833417703,
        "apr": 0.8112776099197462
    },
    "6/26/2021": {
        "tvl": 219914.1920586068,
        "revenue": 167.17973758019298,
        "volume": 57309.71986936837,
        "rr": 0.0007602044052511164,
        "apr": 0.2774746079166575
    },
    "6/27/2021": {
        "tvl": 220397.02717743043,
        "revenue": 224.20179959438227,
        "volume": 75882.74030303636,
        "rr": 0.0010172632655969939,
        "apr": 0.3713010919429028
    },
    "6/28/2021": {
        "tvl": 228472.64957884466,
        "revenue": 194.75381300197466,
        "volume": 67582.06113614446,
        "rr": 0.0008524163104904431,
        "apr": 0.3111319533290118
    },
    "6/29/2021": {
        "tvl": 176852.9609550931,
        "revenue": 264.0056989765691,
        "volume": 90240.98137091185,
        "rr": 0.0014927977318039136,
        "apr": 0.5448711721084285
    },
    "6/30/2021": {
        "tvl": 252280.59706176817,
        "revenue": 355.40513651607597,
        "volume": 124956.54726971041,
        "rr": 0.001408769206412885,
        "apr": 0.5142007603407031
    },
    "7/1/2021": {
        "tvl": 244306.79644587866,
        "revenue": 305.4719234983877,
        "volume": 102674.76909943602,
        "rr": 0.001250361954486432,
        "apr": 0.4563821133875476
    },
    "7/2/2021": {
        "tvl": 246410.30130054583,
        "revenue": 118.3556720070205,
        "volume": 40444.768688303346,
        "rr": 0.00048031949712468587,
        "apr": 0.17531661645051033
    },
    "7/3/2021": {
        "tvl": 257636.71794964152,
        "revenue": 105.05499636867836,
        "volume": 35892.33364397256,
        "rr": 0.0004077640687427665,
        "apr": 0.14883388509110976
    },
    "7/4/2021": {
        "tvl": 256896.36547211747,
        "revenue": 187.36154988961167,
        "volume": 63018.19133894891,
        "rr": 0.0007293273672645523,
        "apr": 0.2662044890515616
    },
    "7/5/2021": {
        "tvl": 252601.83668626763,
        "revenue": 152.91346543569085,
        "volume": 52194.922189885474,
        "rr": 0.0006053537355138471,
        "apr": 0.22095411346255417
    },
    "7/6/2021": {
        "tvl": 251810.7444709757,
        "revenue": 198.15590755341145,
        "volume": 68089.02286948022,
        "rr": 0.0007869239573939283,
        "apr": 0.28722724444878384
    },
    "7/7/2021": {
        "tvl": 247352.62737293646,
        "revenue": 725.1351723883957,
        "volume": 257690.4461892271,
        "rr": 0.0029315846776719334,
        "apr": 1.0700284073502557
    },
    "7/8/2021": {
        "tvl": 240371.55998716675,
        "revenue": 301.5705283474383,
        "volume": 107538.66979366634,
        "rr": 0.0012546015359035775,
        "apr": 0.4579295606048058
    },
    "7/9/2021": {
        "tvl": 244694.75740188872,
        "revenue": 301.5733674161029,
        "volume": 104450.92499471051,
        "rr": 0.0012324471951019214,
        "apr": 0.44984322621220135
    },
    "7/10/2021": {
        "tvl": 228702.9051747079,
        "revenue": 202.36932628097819,
        "volume": 69627.87682920814,
        "rr": 0.0008848568238623235,
        "apr": 0.3229727407097481
    },
    "7/11/2021": {
        "tvl": 236643.03202087525,
        "revenue": 115.60183020886966,
        "volume": 40118.27171851224,
        "rr": 0.0004885072221297095,
        "apr": 0.17830513607734397
    },
    "7/12/2021": {
        "tvl": 240195.46895239508,
        "revenue": 432.4637669454639,
        "volume": 149553.7584590546,
        "rr": 0.001800465965622253,
        "apr": 0.6571700774521223
    },
    "7/13/2021": {
        "tvl": 229063.70977624465,
        "revenue": 163.5709990753816,
        "volume": 53216.438568243495,
        "rr": 0.0007140851740992145,
        "apr": 0.26064108854621326
    },
    "7/14/2021": {
        "tvl": 241134.63252601758,
        "revenue": 246.6899897384302,
        "volume": 84362.82412645406,
        "rr": 0.001023038404538648,
        "apr": 0.3734090176566065
    },
    "7/15/2021": {
        "tvl": 241760.3572745523,
        "revenue": 110.2931506167128,
        "volume": 37261.7409694565,
        "rr": 0.0004562085854773108,
        "apr": 0.16651613369921842
    },
    "7/16/2021": {
        "tvl": 239878.1437565621,
        "revenue": 267.535201179912,
        "volume": 88500.36753910533,
        "rr": 0.0011152962791450372,
        "apr": 0.40708314188793854
    },
    "7/17/2021": {
        "tvl": 243384.5117308853,
        "revenue": 189.34776579069586,
        "volume": 64807.7161281944,
        "rr": 0.0007779778772449627,
        "apr": 0.2839619251944114
    },
    "7/18/2021": {
        "tvl": 234477.4736754329,
        "revenue": 140.0478997825073,
        "volume": 47034.87433542199,
        "rr": 0.0005972765638730977,
        "apr": 0.21800594581368068
    },
    "7/19/2021": {
        "tvl": 222353.39238570037,
        "revenue": 128.78727248939387,
        "volume": 42007.38176125231,
        "rr": 0.0005792008437901226,
        "apr": 0.21140830798339474
    },
    "7/20/2021": {
        "tvl": 224534.61245930626,
        "revenue": 309.55892595879413,
        "volume": 107189.41336715774,
        "rr": 0.001378669072746623,
        "apr": 0.5032142115525174
    },
    "7/21/2021": {
        "tvl": 243936.12399790352,
        "revenue": 360.34303718216205,
        "volume": 123431.03870484002,
        "rr": 0.001477202438394319,
        "apr": 0.5391788900139265
    },
    "7/22/2021": {
        "tvl": 252474.0385759483,
        "revenue": 298.9000261291979,
        "volume": 102540.87930874972,
        "rr": 0.0011838842037585734,
        "apr": 0.43211773437187934
    },
    "7/23/2021": {
        "tvl": 261856.89770632668,
        "revenue": 160.31881114255745,
        "volume": 56323.93235931528,
        "rr": 0.0006122382589377328,
        "apr": 0.2234669645122725
    },
    "7/24/2021": {
        "tvl": 269706.5150681921,
        "revenue": 272.5287531555798,
        "volume": 92629.27594196149,
        "rr": 0.001010464107945906,
        "apr": 0.3688193994002557
    },
    "7/25/2021": {
        "tvl": 280877.64012099756,
        "revenue": 192.19937016272874,
        "volume": 66700.89018425236,
        "rr": 0.0006842814902600732,
        "apr": 0.24976274394492673
    },
    "7/26/2021": {
        "tvl": 273863.54651352053,
        "revenue": 290.810123619438,
        "volume": 95852.30629218652,
        "rr": 0.0010618796379498461,
        "apr": 0.3875860678516938
    },
    "7/27/2021": {
        "tvl": 276360.4939968584,
        "revenue": 153.1783858161729,
        "volume": 54216.651307499116,
        "rr": 0.0005542701983226089,
        "apr": 0.20230862238775227
    },
    "7/28/2021": {
        "tvl": 273346.01442688826,
        "revenue": 124.96991119743711,
        "volume": 42785.72573311688,
        "rr": 0.00045718578139672405,
        "apr": 0.16687281020980427
    },
    "7/29/2021": {
        "tvl": 280571.5775150963,
        "revenue": 218.77844968391133,
        "volume": 77392.15467374293,
        "rr": 0.0007797598446055708,
        "apr": 0.2846123432810333
    },
    "7/30/2021": {
        "tvl": 286837.81940783374,
        "revenue": 196.9458980514416,
        "volume": 67927.54357153385,
        "rr": 0.0006866106375303969,
        "apr": 0.2506128826985949
    },
    "7/31/2021": {
        "tvl": 294803.7499394732,
        "revenue": 154.0839932639109,
        "volume": 52712.13744189753,
        "rr": 0.0005226663273297787,
        "apr": 0.19077320947536924
    },
    "8/1/2021": {
        "tvl": 290231.3228442234,
        "revenue": 209.68466575767118,
        "volume": 69818.88816097862,
        "rr": 0.0007224742791466922,
        "apr": 0.2637031118885426
    },
    "8/2/2021": {
        "tvl": 316102.4894364939,
        "revenue": 245.40229340709712,
        "volume": 83157.00242488891,
        "rr": 0.0007763377436367812,
        "apr": 0.28336327642742515
    },
    "8/3/2021": {
        "tvl": 313521.127887694,
        "revenue": 73.92875026771551,
        "volume": 24820.212574717796,
        "rr": 0.00023580149371686822,
        "apr": 0.08606754520665691
    },
    "8/4/2021": {
        "tvl": 323540.92788880016,
        "revenue": 191.67469753265203,
        "volume": 65710.51549734712,
        "rr": 0.00059242797745369,
        "apr": 0.21623621177059685
    },
    "8/5/2021": {
        "tvl": 322983.9584820936,
        "revenue": 71.83753004426393,
        "volume": 23943.943859940027,
        "rr": 0.00022241825997140548,
        "apr": 0.081182664889563
    },
    "8/6/2021": {
        "tvl": 336780.7144458678,
        "revenue": 140.17875179718274,
        "volume": 48399.887659566084,
        "rr": 0.00041623152925436964,
        "apr": 0.15192450817784492
    },
    "8/7/2021": {
        "tvl": 297387.42251319694,
        "revenue": 172.52177595582776,
        "volume": 57909.505854608215,
        "rr": 0.0005801246552320883,
        "apr": 0.21174549915971225
    },
    "8/8/2021": {
        "tvl": 271607.4359982021,
        "revenue": 216.7869203608801,
        "volume": 71485.95801621687,
        "rr": 0.0007981626849211708,
        "apr": 0.2913293799962274
    },
    "8/9/2021": {
        "tvl": 278630.27987629786,
        "revenue": 243.029815041076,
        "volume": 82076.56709897668,
        "rr": 0.0008722304523003486,
        "apr": 0.31836411508962725
    },
    "8/10/2021": {
        "tvl": 274372.60657250404,
        "revenue": 417.02065614579794,
        "volume": 146335.0480105036,
        "rr": 0.0015199063104559551,
        "apr": 0.5547658033164237
    },
    "8/11/2021": {
        "tvl": 284514.3283412155,
        "revenue": 103.08481166392708,
        "volume": 35386.453709227,
        "rr": 0.00036231852457110133,
        "apr": 0.13224626146845198
    },
    "8/12/2021": {
        "tvl": 276880.3738862101,
        "revenue": 105.80775158431251,
        "volume": 35493.1806728956,
        "rr": 0.00038214247582530524,
        "apr": 0.13948200367623642
    },
    "8/13/2021": {
        "tvl": 288821.0288177709,
        "revenue": 185.81992788637612,
        "volume": 63317.25002128021,
        "rr": 0.0006433739559996429,
        "apr": 0.23483149393986966
    },
    "8/14/2021": {
        "tvl": 310419.7907828242,
        "revenue": 189.4269880178777,
        "volume": 65940.39761932811,
        "rr": 0.0006102284507704102,
        "apr": 0.22273338453119976
    },
    "8/15/2021": {
        "tvl": 313740.3532220079,
        "revenue": 177.76220164530318,
        "volume": 64189.72452168143,
        "rr": 0.0005665901750276786,
        "apr": 0.20680541388510268
    },
    "8/16/2021": {
        "tvl": 307990.3923108582,
        "revenue": 153.0465531354332,
        "volume": 51557.86457679351,
        "rr": 0.0004969198941146241,
        "apr": 0.1813757613518378
    },
    "8/17/2021": {
        "tvl": 283853.58545407496,
        "revenue": 174.245739493194,
        "volume": 56135.7487317363,
        "rr": 0.0006138578070608358,
        "apr": 0.22405809957720504
    },
    "8/18/2021": {
        "tvl": 286298.0555926664,
        "revenue": 167.036782231537,
        "volume": 56436.05233617132,
        "rr": 0.0005834366631856919,
        "apr": 0.21295438206277753
    },
    "8/19/2021": {
        "tvl": 296013.1681533164,
        "revenue": 314.9619596509243,
        "volume": 109628.89712524388,
        "rr": 0.0010640133397301892,
        "apr": 0.38836486900151906
    },
    "8/20/2021": {
        "tvl": 309906.7673980806,
        "revenue": 528.9434194306057,
        "volume": 183395.9415185163,
        "rr": 0.0017067824103084806,
        "apr": 0.6229755797625954
    },
    "8/21/2021": {
        "tvl": 314041.5476914066,
        "revenue": 544.2872420692539,
        "volume": 184838.9864504528,
        "rr": 0.0017331695314535215,
        "apr": 0.6326068789805352
    },
    "8/22/2021": {
        "tvl": 312504.5812459758,
        "revenue": 340.95199097475694,
        "volume": 115504.01313434466,
        "rr": 0.0010910303766279506,
        "apr": 0.3982260874692019
    },
    "8/23/2021": {
        "tvl": 334071.48326165345,
        "revenue": 645.9069186281604,
        "volume": 217480.42959175323,
        "rr": 0.0019334392517492112,
        "apr": 0.7057053268884621
    },
    "8/24/2021": {
        "tvl": 339932.54185779736,
        "revenue": 360.3689988650043,
        "volume": 124027.26985504033,
        "rr": 0.0010601191545108267,
        "apr": 0.3869434913964517
    },
    "8/25/2021": {
        "tvl": 360854.5764025277,
        "revenue": 826.373578048651,
        "volume": 277649.3980962446,
        "rr": 0.0022900459966090163,
        "apr": 0.835866788762291
    },
    "8/26/2021": {
        "tvl": 359036.33306103566,
        "revenue": 2210.6515690590772,
        "volume": 751184.9520535752,
        "rr": 0.006157180668072581,
        "apr": 2.247370943846492
    },
    "8/27/2021": {
        "tvl": 407742.31923408277,
        "revenue": 1586.9980317472352,
        "volume": 560726.4581790797,
        "rr": 0.0038921592311740097,
        "apr": 1.4206381193785136
    },
    "8/28/2021": {
        "tvl": 421771.18196330225,
        "revenue": 854.3794249720614,
        "volume": 298627.60896360467,
        "rr": 0.002025694171410696,
        "apr": 0.739378372564904
    },
    "8/29/2021": {
        "tvl": 415453.6777294541,
        "revenue": 1248.1754486542407,
        "volume": 408413.9161601866,
        "rr": 0.0030043673111182804,
        "apr": 1.0965940685581723
    },
    "8/30/2021": {
        "tvl": 411334.1585116837,
        "revenue": 623.0852961585465,
        "volume": 205584.90077796718,
        "rr": 0.0015147910361080507,
        "apr": 0.5528987281794385
    },
    "8/31/2021": {
        "tvl": 445824.7228027822,
        "revenue": 255.18036113849894,
        "volume": 84094.79029807363,
        "rr": 0.0005723782197053753,
        "apr": 0.208918050192462
    },
    "9/1/2021": {
        "tvl": 432516.2745697367,
        "revenue": 601.7410085315813,
        "volume": 206053.7889135902,
        "rr": 0.0013912563385740523,
        "apr": 0.5078085635795291
    },
    "9/2/2021": {
        "tvl": 426861.1120090992,
        "revenue": 316.8194470153323,
        "volume": 106625.80950910799,
        "rr": 0.0007422073318512528,
        "apr": 0.27090567612570726
    },
    "9/3/2021": {
        "tvl": 426565.0325003464,
        "revenue": 304.469319155404,
        "volume": 103189.41339319029,
        "rr": 0.0007137699904062265,
        "apr": 0.26052604649827266
    },
    "9/4/2021": {
        "tvl": 427849.6503399749,
        "revenue": 868.6343774842579,
        "volume": 294267.361832291,
        "rr": 0.0020302327623594636,
        "apr": 0.7410349582612044
    },
    "9/5/2021": {
        "tvl": 434214.5293533164,
        "revenue": 798.4943360112424,
        "volume": 271826.8742709915,
        "rr": 0.0018389396992322079,
        "apr": 0.6712129902197559
    },
    "9/6/2021": {
        "tvl": 441776.3773834849,
        "revenue": 562.423937898376,
        "volume": 192990.0673205998,
        "rr": 0.0012730964503567441,
        "apr": 0.46468020438021157
    },
    "9/7/2021": {
        "tvl": 391138.07238703966,
        "revenue": 1890.8963263694482,
        "volume": 632616.0491383888,
        "rr": 0.004834344851243131,
        "apr": 1.7645358707037426
    },
    "9/8/2021": {
        "tvl": 372821.06567199685,
        "revenue": 697.7994212699144,
        "volume": 240874.3253154719,
        "rr": 0.001871673801511606,
        "apr": 0.6831609375517361
    },
    "9/9/2021": {
        "tvl": 512447.50710237987,
        "revenue": 1566.0283546505011,
        "volume": 558650.0872928683,
        "rr": 0.003055978091308444,
        "apr": 1.115432003327582
    },
    "9/10/2021": {
        "tvl": 475075.55328738946,
        "revenue": 1619.3341906856538,
        "volume": 562632.0696991299,
        "rr": 0.003408582444371881,
        "apr": 1.2441325921957367
    },
    "9/11/2021": {
        "tvl": 465116.3106359081,
        "revenue": 517.8264568083466,
        "volume": 173645.80887077877,
        "rr": 0.0011133268065795694,
        "apr": 0.4063642844015428
    },
    "9/12/2021": {
        "tvl": 508732.9186429955,
        "revenue": 974.9015226606293,
        "volume": 337790.5594023295,
        "rr": 0.0019163326903655093,
        "apr": 0.6994614319834109
    },
    "9/13/2021": {
        "tvl": 517544.70333849196,
        "revenue": 1624.234900242828,
        "volume": 572054.7062528143,
        "rr": 0.0031383470640612907,
        "apr": 1.145496678382371
    },
    "9/14/2021": {
        "tvl": 631609.0196298733,
        "revenue": 922.1512477681013,
        "volume": 306641.0052740119,
        "rr": 0.0014600032917650343,
        "apr": 0.5329012014942375
    },
    "9/15/2021": {
        "tvl": 487793.14284579013,
        "revenue": 673.2679537953927,
        "volume": 218181.64215908747,
        "rr": 0.0013802325097633408,
        "apr": 0.5037848660636194
    },
    "9/16/2021": {
        "tvl": 535919.664929129,
        "revenue": 656.8739381718487,
        "volume": 221784.16578282462,
        "rr": 0.0012256947844201892,
        "apr": 0.44737859631336907
    },
    "9/17/2021": {
        "tvl": 507475.62706404284,
        "revenue": 927.1108459332028,
        "volume": 306731.7150621303,
        "rr": 0.0018269071389633506,
        "apr": 0.666821105721623
    },
    "9/18/2021": {
        "tvl": 523684.0913019965,
        "revenue": 409.99007896233525,
        "volume": 138089.69756684615,
        "rr": 0.0007828958064068887,
        "apr": 0.2857569693385144
    },
    "9/19/2021": {
        "tvl": 499332.1869690952,
        "revenue": 497.36318261561485,
        "volume": 160048.84209906452,
        "rr": 0.0009960567245515814,
        "apr": 0.3635607044613272
    },
    "9/20/2021": {
        "tvl": 468101.7936187295,
        "revenue": 1258.4498050548204,
        "volume": 418649.5368572287,
        "rr": 0.0026884105598617555,
        "apr": 0.9812698543495407
    },
    "9/21/2021": {
        "tvl": 563265.382660244,
        "revenue": 1259.512977736589,
        "volume": 416878.0659590864,
        "rr": 0.002236091576918929,
        "apr": 0.8161734255754091
    },
    "9/22/2021": {
        "tvl": 620432.5315081797,
        "revenue": 711.4541561772434,
        "volume": 249889.75801736105,
        "rr": 0.0011467067248195442,
        "apr": 0.4185479545591336
    },
    "9/23/2021": {
        "tvl": 648709.9660676292,
        "revenue": 644.7452188949802,
        "volume": 220459.29822830678,
        "rr": 0.0009938882591912644,
        "apr": 0.36276921460481154
    },
    "9/24/2021": {
        "tvl": 687045.3392971713,
        "revenue": 2081.36551069647,
        "volume": 753491.2242365233,
        "rr": 0.0030294441889754326,
        "apr": 1.105747128976033
    },
    "9/25/2021": {
        "tvl": 662988.5100260194,
        "revenue": 779.7605705663979,
        "volume": 259199.9998918223,
        "rr": 0.001176129840524379,
        "apr": 0.4292873917913983
    },
    "9/26/2021": {
        "tvl": 640700.0888583035,
        "revenue": 559.5225366029725,
        "volume": 184068.90186105194,
        "rr": 0.0008732986717701484,
        "apr": 0.3187540151961042
    },
    "9/27/2021": {
        "tvl": 621120.0630651128,
        "revenue": 619.6467192235403,
        "volume": 206632.64654010185,
        "rr": 0.0009976279242465591,
        "apr": 0.36413419234999406
    },
    "9/28/2021": {
        "tvl": 601101.1548170795,
        "revenue": 591.0155364652977,
        "volume": 195550.48292576525,
        "rr": 0.0009832214290873373,
        "apr": 0.3588758216168781
    },
    "9/29/2021": {
        "tvl": 615597.2315711358,
        "revenue": 677.7676176539459,
        "volume": 231556.4066014773,
        "rr": 0.0011009919845223117,
        "apr": 0.40186207435064375
    },
    "9/30/2021": {
        "tvl": 637698.6640283564,
        "revenue": 453.209548645867,
        "volume": 156784.72421077854,
        "rr": 0.0007106954651322811,
        "apr": 0.2594038447732826
    },
    "10/1/2021": {
        "tvl": 651813.7646363055,
        "revenue": 876.9834530715284,
        "volume": 293583.0252897789,
        "rr": 0.001345450956471994,
        "apr": 0.4910895991122778
    },
    "10/2/2021": {
        "tvl": 710274.3940617158,
        "revenue": 1567.441336591457,
        "volume": 547036.5264724605,
        "rr": 0.002206810986987744,
        "apr": 0.8054860102505266
    },
    "10/3/2021": {
        "tvl": 741782.988719448,
        "revenue": 2446.8169270752446,
        "volume": 827741.490774733,
        "rr": 0.003298561660599988,
        "apr": 1.2039750061189958
    },
    "10/4/2021": {
        "tvl": 735533.6545518555,
        "revenue": 1482.0973058305349,
        "volume": 497016.4652516818,
        "rr": 0.002014995910327916,
        "apr": 0.7354735072696893
    },
    "10/5/2021": {
        "tvl": 706321.2595458643,
        "revenue": 1357.71589861131,
        "volume": 447278.01487169904,
        "rr": 0.0019222356403150965,
        "apr": 0.7016160087150103
    },
    "10/6/2021": {
        "tvl": 704844.4172516755,
        "revenue": 992.5938361879461,
        "volume": 330592.9702799274,
        "rr": 0.0014082452976761327,
        "apr": 0.5140095336517885
    },
    "10/7/2021": {
        "tvl": 705795.0150758856,
        "revenue": 467.61491465152073,
        "volume": 155391.51758528472,
        "rr": 0.0006625364371569609,
        "apr": 0.24182579956229072
    },
    "10/8/2021": {
        "tvl": 699323.8017315898,
        "revenue": 425.2633460863304,
        "volume": 141700.09031395474,
        "rr": 0.0006081064952077126,
        "apr": 0.22195887075081508
    },
    "10/9/2021": {
        "tvl": 746789.0985998309,
        "revenue": 388.6028496303063,
        "volume": 133836.9705526429,
        "rr": 0.0005203649201078393,
        "apr": 0.18993319583936133
    },
    "10/10/2021": {
        "tvl": 708207.541451815,
        "revenue": 567.7601324219544,
        "volume": 189047.05706873126,
        "rr": 0.0008016860866209564,
        "apr": 0.2926154216166491
    },
    "10/11/2021": {
        "tvl": 677715.562375154,
        "revenue": 622.8236465652852,
        "volume": 203038.63933893197,
        "rr": 0.0009190044926554557,
        "apr": 0.3354366398192413
    },
    "10/12/2021": {
        "tvl": 705337.5343959603,
        "revenue": 684.4464884954717,
        "volume": 232753.25732935412,
        "rr": 0.0009703814912978092,
        "apr": 0.35418924432370036
    },
    "10/13/2021": {
        "tvl": 705327.9821439277,
        "revenue": 386.14608651446736,
        "volume": 130244.66276183118,
        "rr": 0.0005474702497138008,
        "apr": 0.1998266411455373
    },
    "10/14/2021": {
        "tvl": 699343.7673581355,
        "revenue": 629.3621133730642,
        "volume": 208395.06275417996,
        "rr": 0.0008999323976970062,
        "apr": 0.32847532515940725
    },
    "10/15/2021": {
        "tvl": 693991.5838462422,
        "revenue": 257.22149831522376,
        "volume": 86529.19522129752,
        "rr": 0.0003706406594870359,
        "apr": 0.1352838407127681
    },
    "10/16/2021": {
        "tvl": 692602.9495068897,
        "revenue": 289.44577592339704,
        "volume": 97229.2841930942,
        "rr": 0.00041791011160069826,
        "apr": 0.15253719073425484
    },
    "10/17/2021": {
        "tvl": 677983.8215277946,
        "revenue": 208.9621627819737,
        "volume": 69476.96689929311,
        "rr": 0.00030821113446496463,
        "apr": 0.11249706407971209
    },
    "10/18/2021": {
        "tvl": 681852.1873756734,
        "revenue": 99.83793519345755,
        "volume": 33787.99860507585,
        "rr": 0.00014642166886303588,
        "apr": 0.0534439091350081
    },
    "10/19/2021": {
        "tvl": 678177.8121633909,
        "revenue": 239.73346248537345,
        "volume": 79984.98466681538,
        "rr": 0.0003534964697836728,
        "apr": 0.1290262114710406
    },
    "10/20/2021": {
        "tvl": 698919.9051404629,
        "revenue": 153.35945851396178,
        "volume": 51493.9962815981,
        "rr": 0.00021942350959820055,
        "apr": 0.0800895810033432
    },
    "10/21/2021": {
        "tvl": 681345.3056892044,
        "revenue": 272.42442567925235,
        "volume": 90220.60998622222,
        "rr": 0.00039983312925842443,
        "apr": 0.1459390921793249
    },
    "10/22/2021": {
        "tvl": 681904.9850186575,
        "revenue": 232.0228015148481,
        "volume": 77902.02025896653,
        "rr": 0.0003402567903334799,
        "apr": 0.12419372847172017
    },
    "10/23/2021": {
        "tvl": 680120.6711630702,
        "revenue": 168.92480030271827,
        "volume": 56983.120127834874,
        "rr": 0.00024837474798970744,
        "apr": 0.09065678301624322
    },
    "10/24/2021": {
        "tvl": 673538.4898954878,
        "revenue": 404.3172017518543,
        "volume": 136867.22080538367,
        "rr": 0.0006002881911241506,
        "apr": 0.21910518976031496
    },
    "10/25/2021": {
        "tvl": 577505.4178392352,
        "revenue": 226.6372911791756,
        "volume": 76914.73772777525,
        "rr": 0.00039244184414260585,
        "apr": 0.14324127311205115
    },
    "10/26/2021": {
        "tvl": 577753.1219279363,
        "revenue": 291.0448710291978,
        "volume": 96463.97791151651,
        "rr": 0.0005037530044978279,
        "apr": 0.1838698466417072
    },
    "10/27/2021": {
        "tvl": 543523.2054983564,
        "revenue": 716.8889915513262,
        "volume": 237325.501911728,
        "rr": 0.0013189666683946103,
        "apr": 0.4814228339640327
    },
    "10/28/2021": {
        "tvl": 556102.4086672857,
        "revenue": 235.14238859318965,
        "volume": 79583.39451363392,
        "rr": 0.0004228400829205446,
        "apr": 0.15433663026599875
    },
    "10/29/2021": {
        "tvl": 575971.904525237,
        "revenue": 179.5566132608734,
        "volume": 61592.53471077686,
        "rr": 0.0003117454373210766,
        "apr": 0.11378708462219297
    },
    "10/30/2021": {
        "tvl": 564146.3632581002,
        "revenue": 157.72134658253782,
        "volume": 52865.15391419316,
        "rr": 0.00027957522525121623,
        "apr": 0.10204495721669392
    },
    "10/31/2021": {
        "tvl": 551699.912525889,
        "revenue": 190.1402486976009,
        "volume": 63685.677889917555,
        "rr": 0.00034464433359626174,
        "apr": 0.12579518176263552
    },
    "11/1/2021": {
        "tvl": 627427.2554065603,
        "revenue": 233.132759649212,
        "volume": 78759.2876865449,
        "rr": 0.00037156938535949744,
        "apr": 0.13562282565621656
    },
    "11/2/2021": {
        "tvl": 721948.2545303078,
        "revenue": 443.5753080488738,
        "volume": 149782.3722905221,
        "rr": 0.0006144142675952024,
        "apr": 0.22426120767224886
    },
    "11/3/2021": {
        "tvl": 776009.6846208877,
        "revenue": 632.0722454674387,
        "volume": 214558.49646129826,
        "rr": 0.0008145159242132806,
        "apr": 0.29729831233784737
    },
    "11/4/2021": {
        "tvl": 796679.6876630955,
        "revenue": 200.11769805252626,
        "volume": 68943.13605834935,
        "rr": 0.0002511896577149249,
        "apr": 0.0916842250659476
    },
    "11/5/2021": {
        "tvl": 792584.3833704497,
        "revenue": 258.9579455076772,
        "volume": 86361.38198667596,
        "rr": 0.0003267260255702536,
        "apr": 0.11925499933314257
    },
    "11/6/2021": {
        "tvl": 784588.8510113189,
        "revenue": 171.29674111228573,
        "volume": 57302.013593898286,
        "rr": 0.00021832675915734432,
        "apr": 0.07968926709243068
    },
    "11/7/2021": {
        "tvl": 803092.7391615979,
        "revenue": 273.4601754091539,
        "volume": 91630.59529065376,
        "rr": 0.00034050883798879473,
        "apr": 0.12428572586591008
    },
    "11/8/2021": {
        "tvl": 746520.1950541845,
        "revenue": 197.6875652462182,
        "volume": 66444.92005981409,
        "rr": 0.00026481207950693084,
        "apr": 0.09665640902002975
    },
    "11/9/2021": {
        "tvl": 725534.2918326816,
        "revenue": 98.95762938941515,
        "volume": 32881.04284705841,
        "rr": 0.00013639276668708604,
        "apr": 0.04978335984078641
    },
    "11/10/2021": {
        "tvl": 724240.0973556578,
        "revenue": 470.1092870092477,
        "volume": 158249.21916629013,
        "rr": 0.000649106958763687,
        "apr": 0.23692403994874578
    },
    "11/11/2021": {
        "tvl": 724121.2800561188,
        "revenue": 348.13687325238584,
        "volume": 116897.77099464976,
        "rr": 0.0004807714989751516,
        "apr": 0.17548159712593034
    },
    "11/12/2021": {
        "tvl": 706520.1910794361,
        "revenue": 197.42059469944692,
        "volume": 65302.06870098961,
        "rr": 0.0002794266847460137,
        "apr": 0.10199073993229499
    },
    "11/13/2021": {
        "tvl": 724601.0726274262,
        "revenue": 136.8363692163409,
        "volume": 46034.66770115526,
        "rr": 0.00018884372986113302,
        "apr": 0.06892796139931355
    },
    "11/14/2021": {
        "tvl": 703887.1035498497,
        "revenue": 160.1650413697404,
        "volume": 53513.4119147307,
        "rr": 0.00022754365090934988,
        "apr": 0.08305343258191271
    },
    "11/15/2021": {
        "tvl": 682445.0318450864,
        "revenue": 155.9839130016377,
        "volume": 50538.77722168662,
        "rr": 0.00022856626647264642,
        "apr": 0.08342668726251595
    },
    "11/16/2021": {
        "tvl": 662733.7079004605,
        "revenue": 359.9128650902473,
        "volume": 118409.12876128203,
        "rr": 0.0005430731239406107,
        "apr": 0.19822169023832292
    },
    "11/17/2021": {
        "tvl": 669526.7150548779,
        "revenue": 135.69495958850274,
        "volume": 45216.48942863544,
        "rr": 0.0002026729576838177,
        "apr": 0.07397562955459346
    },
    "11/18/2021": {
        "tvl": 641365.6250785174,
        "revenue": 262.04573695878435,
        "volume": 86214.32526167693,
        "rr": 0.00040857465182469696,
        "apr": 0.14912974791601438
    },
    "11/19/2021": {
        "tvl": 511962.17933295347,
        "revenue": 315.3682710004433,
        "volume": 107777.74581032022,
        "rr": 0.0006159991572255268,
        "apr": 0.22483969238731724
    },
    "11/20/2021": {
        "tvl": 518085.4901666969,
        "revenue": 90.52849089123481,
        "volume": 30391.53283979325,
        "rr": 0.00017473658809110204,
        "apr": 0.06377885465325224
    },
    "11/21/2021": {
        "tvl": 495092.3338231048,
        "revenue": 123.87998277547828,
        "volume": 40153.93612071622,
        "rr": 0.0002502159179458034,
        "apr": 0.09132881005021823
    },
    "11/22/2021": {
        "tvl": 494167.7315501748,
        "revenue": 147.01787185905957,
        "volume": 49625.29310872842,
        "rr": 0.0002975060135915254,
        "apr": 0.10858969496090676
    },
    "11/23/2021": {
        "tvl": 370998.684059194,
        "revenue": 260.65433234175026,
        "volume": 87031.90995045111,
        "rr": 0.0007025748164113759,
        "apr": 0.2564398079901522
    },
    "11/24/2021": {
        "tvl": 370155.17005102884,
        "revenue": 76.50468694328138,
        "volume": 25853.721330838816,
        "rr": 0.00020668274586772516,
        "apr": 0.07543920224171968
    },
    "11/25/2021": {
        "tvl": 375123.05641801184,
        "revenue": 82.65242256723451,
        "volume": 27861.38309572019,
        "rr": 0.00022033415742681576,
        "apr": 0.08042196746078775
    },
    "11/26/2021": {
        "tvl": 361499.47180889023,
        "revenue": 251.17702986772395,
        "volume": 84375.05771891253,
        "rr": 0.0006948199083414174,
        "apr": 0.2536092665446174
    },
    "11/27/2021": {
        "tvl": 351062.65857837413,
        "revenue": 81.95035616854862,
        "volume": 26766.38634208957,
        "rr": 0.0002334351266534756,
        "apr": 0.08520382122851859
    },
    "11/28/2021": {
        "tvl": 354651.8513454312,
        "revenue": 89.23830764102331,
        "volume": 30278.527723552786,
        "rr": 0.0002516222805618605,
        "apr": 0.09184213240507906
    },
    "11/29/2021": {
        "tvl": 379776.45658869104,
        "revenue": 466.0250273259866,
        "volume": 157402.72135313594,
        "rr": 0.0012271035216664453,
        "apr": 0.4478927854082525
    },
    "11/30/2021": {
        "tvl": 379790.31295488676,
        "revenue": 240.91077743917737,
        "volume": 79967.95051887381,
        "rr": 0.0006343257561384771,
        "apr": 0.2315289009905441
    },
    "12/1/2021": {
        "tvl": 369348.8897143718,
        "revenue": 212.37272211822952,
        "volume": 70635.11127635384,
        "rr": 0.0005749921768614588,
        "apr": 0.20987214455443245
    },
    "12/2/2021": {
        "tvl": 367296.08414763847,
        "revenue": 112.54348099209872,
        "volume": 37402.45046579416,
        "rr": 0.00030641078369586077,
        "apr": 0.11183993604898917
    },
    "12/3/2021": {
        "tvl": 345286.9263835448,
        "revenue": 297.6897456291681,
        "volume": 95786.45798412475,
        "rr": 0.0008621518015382206,
        "apr": 0.3146854075614505
    },
    "12/4/2021": {
        "tvl": 331705.80773918837,
        "revenue": 422.26678204880386,
        "volume": 139745.84435780786,
        "rr": 0.0012730159442394245,
        "apr": 0.46465081964738997
    },
    "12/5/2021": {
        "tvl": 326538.94822367455,
        "revenue": 513.1707286505962,
        "volume": 170703.49455187423,
        "rr": 0.0015715452366162504,
        "apr": 0.5736140113649314
    },
    "12/6/2021": {
        "tvl": 335056.99328251206,
        "revenue": 401.0336179608838,
        "volume": 137377.2442214072,
        "rr": 0.0011969116478722228,
        "apr": 0.4368727514733613
    },
    "12/7/2021": {
        "tvl": 386887.9315610604,
        "revenue": 846.6620627197367,
        "volume": 294357.50923896354,
        "rr": 0.0021883909878075702,
        "apr": 0.7987627105497631
    },
    "12/8/2021": {
        "tvl": 381383.75953495485,
        "revenue": 492.08015389232395,
        "volume": 162490.2234878232,
        "rr": 0.001290249365867986,
        "apr": 0.47094101854181486
    },
    "12/9/2021": {
        "tvl": 364644.5227881342,
        "revenue": 283.6140876737548,
        "volume": 92315.16269533942,
        "rr": 0.0007777823879135578,
        "apr": 0.2838905715884486
    },
    "12/10/2021": {
        "tvl": 349677.80245753966,
        "revenue": 282.52050085357666,
        "volume": 93902.48875345058,
        "rr": 0.0008079451966010405,
        "apr": 0.2948999967593798
    },
    "12/11/2021": {
        "tvl": 348646.55693811196,
        "revenue": 270.88744744743263,
        "volume": 90630.03083391904,
        "rr": 0.0007769686579624467,
        "apr": 0.28359356015629306
    },
    "12/12/2021": {
        "tvl": 345443.63415907463,
        "revenue": 97.04065800838274,
        "volume": 32282.023632145865,
        "rr": 0.0002809160407445694,
        "apr": 0.10253435487176782
    },
    "12/13/2021": {
        "tvl": 349370.1469538096,
        "revenue": 238.39726444964128,
        "volume": 83003.26648865489,
        "rr": 0.0006823630081970338,
        "apr": 0.24906249799191735
    },
    "12/14/2021": {
        "tvl": 348106.53262579656,
        "revenue": 257.9461850499575,
        "volume": 87132.69445247801,
        "rr": 0.0007409978293261201,
        "apr": 0.27046420770403384
    },
    "12/15/2021": {
        "tvl": 348092.32090741844,
        "revenue": 180.3752731777075,
        "volume": 61309.97941815227,
        "rr": 0.0005181822819518091,
        "apr": 0.1891365329124103
    },
    "12/16/2021": {
        "tvl": 342120.43168571615,
        "revenue": 146.06818690965432,
        "volume": 48546.51701865403,
        "rr": 0.0004269496159289244,
        "apr": 0.1558366098140574
    },
    "12/17/2021": {
        "tvl": 336729.78801315575,
        "revenue": 129.36956429861397,
        "volume": 43317.1644722283,
        "rr": 0.00038419400036435034,
        "apr": 0.14023081013298788
    },
    "12/18/2021": {
        "tvl": 341763.4182871947,
        "revenue": 156.23469656345475,
        "volume": 53788.55356317984,
        "rr": 0.0004571428309865679,
        "apr": 0.1668571333100973
    },
    "12/19/2021": {
        "tvl": 338419.44835546013,
        "revenue": 47.55535187635229,
        "volume": 15988.208486694484,
        "rr": 0.00014052192362893503,
        "apr": 0.05129050212456128
    },
    "12/20/2021": {
        "tvl": 338947.7684394741,
        "revenue": 119.58046548632947,
        "volume": 40843.292665319066,
        "rr": 0.0003527990936092649,
        "apr": 0.12877166916738167
    },
    "12/21/2021": {
        "tvl": 343396.5037019116,
        "revenue": 61.71630142007841,
        "volume": 21037.861207500053,
        "rr": 0.00017972315022069007,
        "apr": 0.06559894983055187
    },
    "12/22/2021": {
        "tvl": 352849.8210204413,
        "revenue": 91.15776220273187,
        "volume": 30949.88549878436,
        "rr": 0.00025834719694374145,
        "apr": 0.09429672688446564
    },
    "12/23/2021": {
        "tvl": 360958.5077125681,
        "revenue": 178.8217696705074,
        "volume": 61753.080557508016,
        "rr": 0.0004954081032851107,
        "apr": 0.18082395769906545
    },
    "12/24/2021": {
        "tvl": 356976.2851006727,
        "revenue": 60.99539168469225,
        "volume": 20210.749614896835,
        "rr": 0.00017086678928122812,
        "apr": 0.062366378087648264
    },
    "12/25/2021": {
        "tvl": 356840.4934567616,
        "revenue": 89.88207452914858,
        "volume": 30011.403335240702,
        "rr": 0.000251883057492856,
        "apr": 0.09193731598489244
    },
    "12/26/2021": {
        "tvl": 371753.2202705227,
        "revenue": 222.22232814786244,
        "volume": 75509.86023759753,
        "rr": 0.0005977684012694026,
        "apr": 0.21818546646333198
    },
    "12/27/2021": {
        "tvl": 366565.63939056004,
        "revenue": 195.91016251978732,
        "volume": 64953.68615553763,
        "rr": 0.0005344476990410261,
        "apr": 0.1950734101499745
    },
    "12/28/2021": {
        "tvl": 359209.16444786603,
        "revenue": 77.51416252003263,
        "volume": 25636.67330432429,
        "rr": 0.00021579116067146632,
        "apr": 0.07876377364508522
    },
    "12/29/2021": {
        "tvl": 350950.71560983843,
        "revenue": 179.52508936048926,
        "volume": 60240.90463282058,
        "rr": 0.0005115393169908,
        "apr": 0.18671185070164203
    },
    "12/30/2021": {
        "tvl": 353756.7953988149,
        "revenue": 291.8504343947351,
        "volume": 97464.45243959755,
        "rr": 0.0008250030478303931,
        "apr": 0.3011261124580935
    },
    "12/31/2021": {
        "tvl": 363066.19808078173,
        "revenue": 231.65913005193372,
        "volume": 79923.9499769749,
        "rr": 0.0006380630619884639,
        "apr": 0.2328930176257893
    },
    "1/1/2022": {
        "tvl": 366605.11708799354,
        "revenue": 134.46890361723445,
        "volume": 45510.492163347546,
        "rr": 0.0003667949446132768,
        "apr": 0.13388015478384602
    },
    "1/2/2022": {
        "tvl": 354581.1199918718,
        "revenue": 121.72509143646687,
        "volume": 40427.608578661726,
        "rr": 0.00034329264750265667,
        "apr": 0.12530181633846968
    },
    "1/3/2022": {
        "tvl": 387235.1605738175,
        "revenue": 302.17954079891194,
        "volume": 101217.19654238025,
        "rr": 0.0007803515061781389,
        "apr": 0.28482829975502066
    },
    "1/4/2022": {
        "tvl": 410372.7519030091,
        "revenue": 420.7134542991868,
        "volume": 143494.98807029056,
        "rr": 0.0010251983162825142,
        "apr": 0.37419738544311765
    },
    "1/5/2022": {
        "tvl": 378632.942034333,
        "revenue": 372.50978066019104,
        "volume": 118837.12081984754,
        "rr": 0.0009838282391879502,
        "apr": 0.3590973073036018
    },
    "1/6/2022": {
        "tvl": 361428.28364375303,
        "revenue": 257.1256523743179,
        "volume": 83996.3540559314,
        "rr": 0.000711415414925738,
        "apr": 0.2596666264478944
    },
    "1/7/2022": {
        "tvl": 373823.97621126735,
        "revenue": 249.26249612897968,
        "volume": 84871.76275778512,
        "rr": 0.0006667910888308259,
        "apr": 0.2433787474232514
    },
    "1/8/2022": {
        "tvl": 364569.0343307301,
        "revenue": 191.16413968473643,
        "volume": 65098.02989735128,
        "rr": 0.0005243564913176799,
        "apr": 0.19139011933095315
    },
    "1/9/2022": {
        "tvl": 369160.96641713026,
        "revenue": 116.00650011863539,
        "volume": 39154.556261785714,
        "rr": 0.00031424367869802044,
        "apr": 0.11469894272477744
    },
    "1/10/2022": {
        "tvl": 361108.5258892843,
        "revenue": 169.1326971507832,
        "volume": 57252.70099779889,
        "rr": 0.00046837082213516937,
        "apr": 0.17095535007933682
    },
    "1/11/2022": {
        "tvl": 368221.6112260316,
        "revenue": 158.87082613893398,
        "volume": 54162.935960815186,
        "rr": 0.00043145437773181556,
        "apr": 0.15748084787211267
    },
    "1/12/2022": {
        "tvl": 371032.41230391833,
        "revenue": 159.71382812518488,
        "volume": 54353.38381314794,
        "rr": 0.00043045788677448704,
        "apr": 0.1571171286726878
    },
    "1/13/2022": {
        "tvl": 367910.0030437046,
        "revenue": 161.92853904493904,
        "volume": 54174.883659265535,
        "rr": 0.0004401308409809757,
        "apr": 0.16064775695805614
    },
    "1/14/2022": {
        "tvl": 369639.92451809964,
        "revenue": 100.06080604718272,
        "volume": 33809.14074053725,
        "rr": 0.00027069804804670983,
        "apr": 0.09880478753704908
    },
    "1/15/2022": {
        "tvl": 366514.97218003,
        "revenue": 17.80304829222826,
        "volume": 5944.844292439077,
        "rr": 0.00004857386367147781,
        "apr": 0.017729460240089402
    },
    "1/16/2022": {
        "tvl": 364829.9323394232,
        "revenue": 35.14089977043734,
        "volume": 11736.771694142868,
        "rr": 0.00009632131756597112,
        "apr": 0.035157280911579464
    },
    "1/17/2022": {
        "tvl": 358396.6003714977,
        "revenue": 71.43361376360274,
        "volume": 23863.382042594112,
        "rr": 0.00019931442901399704,
        "apr": 0.07274976659010891
    },
    "1/18/2022": {
        "tvl": 359037.9482285407,
        "revenue": 149.2115459166913,
        "volume": 50325.961113623416,
        "rr": 0.00041558711733087535,
        "apr": 0.1516892978257695
    },
    "1/19/2022": {
        "tvl": 323419.3946424706,
        "revenue": 95.93679064937547,
        "volume": 32163.378198519193,
        "rr": 0.00029663276921110563,
        "apr": 0.10827096076205356
    },
    "1/20/2022": {
        "tvl": 310059.4396149747,
        "revenue": 171.1488503772108,
        "volume": 56352.452294403876,
        "rr": 0.0005519872273191871,
        "apr": 0.20147533797150327
    },
    "1/21/2022": {
        "tvl": 299034.44299065584,
        "revenue": 281.88846969296964,
        "volume": 94303.40707109385,
        "rr": 0.0009426622126661778,
        "apr": 0.3440717076231549
    },
    "1/22/2022": {
        "tvl": 281564.8157429843,
        "revenue": 511.93244285395457,
        "volume": 172071.9811246984,
        "rr": 0.0018181690830336294,
        "apr": 0.6636317153072747
    },
    "1/23/2022": {
        "tvl": 282526.77606940013,
        "revenue": 259.7675017222351,
        "volume": 87302.56648156203,
        "rr": 0.0009194438323198988,
        "apr": 0.335596998796763
    },
    "1/24/2022": {
        "tvl": 277905.411511072,
        "revenue": 656.535294849118,
        "volume": 231373.18978297446,
        "rr": 0.002362441563405688,
        "apr": 0.862291170643076
    },
    "1/25/2022": {
        "tvl": 283635.1361629388,
        "revenue": 239.13207651909607,
        "volume": 81402.95904971495,
        "rr": 0.0008430975081370835,
        "apr": 0.3077305904700355
    },
    "1/26/2022": {
        "tvl": 272754.74813624506,
        "revenue": 272.196644096721,
        "volume": 88032.4878763837,
        "rr": 0.0009979538246599276,
        "apr": 0.36425314600087355
    },
    "1/27/2022": {
        "tvl": 280904.946157471,
        "revenue": 241.5767466408158,
        "volume": 81771.21756855816,
        "rr": 0.0008599946350015197,
        "apr": 0.3138980417755547
    },
    "1/28/2022": {
        "tvl": 288725.84299126297,
        "revenue": 186.49225779270154,
        "volume": 64361.80746257789,
        "rr": 0.0006459146706806738,
        "apr": 0.23575885479844594
    },
    "1/29/2022": {
        "tvl": 306329.78534454096,
        "revenue": 63.04661717877438,
        "volume": 21765.330862598483,
        "rr": 0.00020581288596491985,
        "apr": 0.07512170337719574
    },
    "1/30/2022": {
        "tvl": 293063.3202363053,
        "revenue": 116.90234931647143,
        "volume": 38443.78067882407,
        "rr": 0.0003988979215215665,
        "apr": 0.1455977413553718
    },
    "1/31/2022": {
        "tvl": 307736.1759169725,
        "revenue": 162.22620505509386,
        "volume": 56544.56087045181,
        "rr": 0.0005271600083145981,
        "apr": 0.19241340303482832
    },
    "2/1/2022": {
        "tvl": 318239.9735447228,
        "revenue": 65.5649083118641,
        "volume": 22286.66987089212,
        "rr": 0.00020602348467280198,
        "apr": 0.07519857190557273
    },
    "2/2/2022": {
        "tvl": 319243.33810566994,
        "revenue": 261.4476984931922,
        "volume": 88949.11028260479,
        "rr": 0.000818960546035428,
        "apr": 0.2989205993029312
    },
    "2/3/2022": {
        "tvl": 316312.7593349368,
        "revenue": 110.72578490987665,
        "volume": 36772.039701238,
        "rr": 0.00035005159179377743,
        "apr": 0.12776883100472874
    },
    "2/4/2022": {
        "tvl": 328289.48893510574,
        "revenue": 83.3239855515025,
        "volume": 28340.80273457463,
        "rr": 0.00025381252936786374,
        "apr": 0.09264157321927026
    },
    "2/5/2022": {
        "tvl": 326933.9047054398,
        "revenue": 173.79263382403786,
        "volume": 59354.877401752594,
        "rr": 0.0005315833913910555,
        "apr": 0.19402793785773528
    },
    "2/6/2022": {
        "tvl": 326696.5598965894,
        "revenue": 40.3010274709238,
        "volume": 13648.21851509123,
        "rr": 0.0001233592036710777,
        "apr": 0.04502610933994335
    },
    "2/7/2022": {
        "tvl": 338119.3352836971,
        "revenue": 115.70178764755616,
        "volume": 39852.24281975788,
        "rr": 0.00034219216582357596,
        "apr": 0.12490014052560523
    },
    "2/8/2022": {
        "tvl": 303046.10488390713,
        "revenue": 213.29424184696012,
        "volume": 72275.07361880799,
        "rr": 0.0007038342958695023,
        "apr": 0.2568995179923684
    },
    "2/9/2022": {
        "tvl": 305223.9094177328,
        "revenue": 85.3409865315702,
        "volume": 28900.311074668374,
        "rr": 0.0002796012497656977,
        "apr": 0.10205445616447965
    },
    "2/10/2022": {
        "tvl": 292663.24850631104,
        "revenue": 63.05001975621246,
        "volume": 20783.45407199586,
        "rr": 0.00021543538547462286,
        "apr": 0.07863391569823734
    },
    "2/11/2022": {
        "tvl": 277881.59187001793,
        "revenue": 116.41489265977559,
        "volume": 39635.16916729301,
        "rr": 0.0004189370439270763,
        "apr": 0.15291202103338286
    },
    "2/12/2022": {
        "tvl": 267970.7567668855,
        "revenue": 76.15759849994286,
        "volume": 25767.45818885731,
        "rr": 0.0002842011547035868,
        "apr": 0.10373342146680918
    },
    "2/13/2022": {
        "tvl": 260306.29259364036,
        "revenue": 44.61630705260323,
        "volume": 14876.164034559131,
        "rr": 0.0001713992643360834,
        "apr": 0.06256073148267044
    },
    "2/14/2022": {
        "tvl": 268596.37378463283,
        "revenue": 73.55060628081277,
        "volume": 25410.29757290296,
        "rr": 0.0002738332064742894,
        "apr": 0.09994912036311564
    },
    "2/15/2022": {
        "tvl": 268825.8326433637,
        "revenue": 26.99906026076106,
        "volume": 9039.646117648575,
        "rr": 0.00010043328051950727,
        "apr": 0.03665814738962016
    },
    "2/16/2022": {
        "tvl": 266906.8597407936,
        "revenue": 17.13207582336053,
        "volume": 5770.239608770349,
        "rr": 0.00006418746914185096,
        "apr": 0.023428426236775598
    },
    "2/17/2022": {
        "tvl": 258605.83508540448,
        "revenue": 50.89888051305814,
        "volume": 17050.30902089732,
        "rr": 0.00019682030955043534,
        "apr": 0.07183941298590889
    },
    "2/18/2022": {
        "tvl": 256366.2053219808,
        "revenue": 150.03323928556853,
        "volume": 51490.96617235964,
        "rr": 0.0005852301753155633,
        "apr": 0.21360901399018062
    },
    "2/19/2022": {
        "tvl": 251122.57908901258,
        "revenue": 49.2195030800679,
        "volume": 16466.689778718985,
        "rr": 0.00019599791965588893,
        "apr": 0.07153924067439947
    },
    "2/20/2022": {
        "tvl": 245299.22006829767,
        "revenue": 148.46787843388384,
        "volume": 50323.73130862389,
        "rr": 0.0006052521422308091,
        "apr": 0.2209170319142453
    },
    "2/21/2022": {
        "tvl": 228238.23147016956,
        "revenue": 204.04966948271039,
        "volume": 65110.188656203376,
        "rr": 0.0008940205511072732,
        "apr": 0.32631750115415475
    },
    "2/22/2022": {
        "tvl": 234894.39285755178,
        "revenue": 107.91340465219785,
        "volume": 36854.55721290048,
        "rr": 0.0004594124335596224,
        "apr": 0.1676855382492622
    },
    "2/23/2022": {
        "tvl": 222083.59953138974,
        "revenue": 241.3459667605921,
        "volume": 78216.87169298246,
        "rr": 0.001086734757856263,
        "apr": 0.39665818661753593
    },
    "2/24/2022": {
        "tvl": 232682.4983822021,
        "revenue": 330.8052984982363,
        "volume": 118150.95906353732,
        "rr": 0.0014217025380003382,
        "apr": 0.5189214263701234
    },
    "2/25/2022": {
        "tvl": 348864.5904348225,
        "revenue": 207.97595952093934,
        "volume": 72616.38688045379,
        "rr": 0.0005961509572000973,
        "apr": 0.2175950993780355
    },
    "2/26/2022": {
        "tvl": 347947.18855256436,
        "revenue": 149.48030083749552,
        "volume": 50281.65387831953,
        "rr": 0.00042960629013650886,
        "apr": 0.15680629589982573
    },
    "2/27/2022": {
        "tvl": 333974.34598048875,
        "revenue": 87.63321847776375,
        "volume": 28936.975070705466,
        "rr": 0.00026239505977768547,
        "apr": 0.09577419681885518
    },
    "2/28/2022": {
        "tvl": 356919.00350848754,
        "revenue": 156.6325164857572,
        "volume": 54214.52463771641,
        "rr": 0.0004388461105911176,
        "apr": 0.16017883036575792
    },
    "3/1/2022": {
        "tvl": 356261.5697534248,
        "revenue": 135.9618198679254,
        "volume": 45846.16454643209,
        "rr": 0.00038163481950081535,
        "apr": 0.13929670911779762
    },
    "3/2/2022": {
        "tvl": 352860.55198311736,
        "revenue": 173.92543760537876,
        "volume": 58149.37081055163,
        "rr": 0.0004929013363151465,
        "apr": 0.17990898775502848
    },
    "3/3/2022": {
        "tvl": 344521.2094636122,
        "revenue": 92.79875189389195,
        "volume": 30734.97249670665,
        "rr": 0.00026935570102743764,
        "apr": 0.09831483087501475
    },
    "3/4/2022": {
        "tvl": 332348.48767660407,
        "revenue": 94.33709319213334,
        "volume": 30937.446619623766,
        "rr": 0.0002838499246728309,
        "apr": 0.1036052225055833
    },
    "3/5/2022": {
        "tvl": 333738.4871214154,
        "revenue": 69.9868924633229,
        "volume": 23458.40743175127,
        "rr": 0.00020970578810666627,
        "apr": 0.0765426126589332
    },
    "3/6/2022": {
        "tvl": 325052.10219836666,
        "revenue": 66.75788415967841,
        "volume": 22288.7964936506,
        "rr": 0.00020537594960373052,
        "apr": 0.07496222160536163
    },
    "3/7/2022": {
        "tvl": 328755.26270789333,
        "revenue": 181.18106111969786,
        "volume": 61269.25585325503,
        "rr": 0.0005511122761270637,
        "apr": 0.20115598078637822
    },
    "3/8/2022": {
        "tvl": 337715.28538128664,
        "revenue": 200.30305459685738,
        "volume": 69483.71046534559,
        "rr": 0.0005931121961823896,
        "apr": 0.21648595160657222
    },
    "3/9/2022": {
        "tvl": 332243.29337754054,
        "revenue": 116.2887675714281,
        "volume": 38623.940800627475,
        "rr": 0.0003500108802475805,
        "apr": 0.1277539712903669
    },
    "3/10/2022": {
        "tvl": 330216.3374897145,
        "revenue": 131.87390237234322,
        "volume": 44225.556758364204,
        "rr": 0.00039935608084942434,
        "apr": 0.1457649695100399
    },
    "3/11/2022": {
        "tvl": 332070.33672939707,
        "revenue": 63.17107992518063,
        "volume": 21260.994310308477,
        "rr": 0.00019023403459447966,
        "apr": 0.06943542262698507
    },
    "3/12/2022": {
        "tvl": 334905.5047241067,
        "revenue": 56.217858722336295,
        "volume": 19051.73868327547,
        "rr": 0.0001678618533566603,
        "apr": 0.061269576475181005
    },
    "3/13/2022": {
        "tvl": 325506.4082225809,
        "revenue": 67.82030716941236,
        "volume": 22448.49896032311,
        "rr": 0.00020835321657642117,
        "apr": 0.07604892405039373
    },
    "3/14/2022": {
        "tvl": 327682.35618138587,
        "revenue": 67.38367872391404,
        "volume": 22642.882114040458,
        "rr": 0.00020563718934752276,
        "apr": 0.07505757411184581
    },
    "3/15/2022": {
        "tvl": 328293.3805993712,
        "revenue": 114.32000395063409,
        "volume": 38610.18617497088,
        "rr": 0.0003482251263851801,
        "apr": 0.12710217113059075
    },
    "3/16/2022": {
        "tvl": 337060.25086444337,
        "revenue": 96.04197652567888,
        "volume": 32851.497963613874,
        "rr": 0.00028494008498292013,
        "apr": 0.10400313101876586
    },
    "3/17/2022": {
        "tvl": 333128.0654813,
        "revenue": 75.64070796498599,
        "volume": 25320.1580824036,
        "rr": 0.00022706194945088483,
        "apr": 0.08287761154957296
    },
    "3/18/2022": {
        "tvl": 342453.63347875705,
        "revenue": 82.39148449749523,
        "volume": 28264.996187221393,
        "rr": 0.0002405916493293861,
        "apr": 0.08781595200522592
    },
    "3/19/2022": {
        "tvl": 349814.5245654954,
        "revenue": 38.412095267943734,
        "volume": 13074.4882995394,
        "rr": 0.00010980703364348692,
        "apr": 0.040079567279872726
    },
    "3/20/2022": {
        "tvl": 343518.40885426285,
        "revenue": 92.95796967626306,
        "volume": 31034.91203551186,
        "rr": 0.00027060549676596906,
        "apr": 0.09877100631957872
    },
    "3/21/2022": {
        "tvl": 347709.6028026262,
        "revenue": 49.05249794954405,
        "volume": 16576.196621482366,
        "rr": 0.00014107317587483542,
        "apr": 0.05149170919431493
    },
    "3/22/2022": {
        "tvl": 351446.6827094801,
        "revenue": 101.56677003485034,
        "volume": 34657.90556196428,
        "rr": 0.0002889962404875208,
        "apr": 0.10548362777794508
    },
    "3/23/2022": {
        "tvl": 355437.53583695705,
        "revenue": 105.64846791655668,
        "volume": 35836.05986743865,
        "rr": 0.00029723497735764957,
        "apr": 0.10849076673554209
    },
    "3/24/2022": {
        "tvl": 355461.14440325944,
        "revenue": 66.93754001095716,
        "volume": 22590.299905842257,
        "rr": 0.00018831183397929603,
        "apr": 0.06873381940244305
    },
    "3/25/2022": {
        "tvl": 357994.05447827873,
        "revenue": 30.345805356394457,
        "volume": 10244.112475183494,
        "rr": 0.00008476622719508234,
        "apr": 0.030939672926205055
    },
    "3/26/2022": {
        "tvl": 365129.40410064283,
        "revenue": 48.317422931662996,
        "volume": 16287.975700781977,
        "rr": 0.00013232958613857616,
        "apr": 0.0483002989405803
    },
    "3/27/2022": {
        "tvl": 374346.57666067115,
        "revenue": 42.53237733132201,
        "volume": 14443.253084810194,
        "rr": 0.0001136176473436159,
        "apr": 0.0414704412804198
    },
    "3/28/2022": {
        "tvl": 370602.8842209324,
        "revenue": 108.52915264113486,
        "volume": 36259.37298562977,
        "rr": 0.00029284486781391573,
        "apr": 0.10688837675207925
    },
    "3/29/2022": {
        "tvl": 367031.2436654614,
        "revenue": 112.60991833194241,
        "volume": 37487.18536657369,
        "rr": 0.00030681289474795547,
        "apr": 0.11198670658300375
    },
    "3/30/2022": {
        "tvl": 375958.70781357784,
        "revenue": 111.66482787550741,
        "volume": 37936.19504077074,
        "rr": 0.00029701354312260624,
        "apr": 0.10840994323975126
    },
    "3/31/2022": {
        "tvl": 361464.7458782782,
        "revenue": 75.7758533921693,
        "volume": 24878.262427646674,
        "rr": 0.0002096355294844895,
        "apr": 0.07651696826183867
    },
    "4/1/2022": {
        "tvl": 382117.323265209,
        "revenue": 80.28945482478237,
        "volume": 27488.526239935945,
        "rr": 0.0002101172858082055,
        "apr": 0.076692809319995
    },
    "4/2/2022": {
        "tvl": 382910.9394783769,
        "revenue": 65.72609386257867,
        "volume": 22345.920976338737,
        "rr": 0.00017164851427884119,
        "apr": 0.06265170771177703
    },
    "4/3/2022": {
        "tvl": 382590.5375166388,
        "revenue": 40.061462674160474,
        "volume": 13519.558148317863,
        "rr": 0.00010471106508330255,
        "apr": 0.03821953875540543
    },
    "4/4/2022": {
        "tvl": 378125.37869946216,
        "revenue": 81.12885010924724,
        "volume": 27482.183647397753,
        "rr": 0.000214555421771172,
        "apr": 0.07831272894647777
    },
    "4/5/2022": {
        "tvl": 365339.8637131615,
        "revenue": 119.4832272945029,
        "volume": 39689.325031485634,
        "rr": 0.00032704678345287966,
        "apr": 0.11937207596030107
    },
    "4/6/2022": {
        "tvl": 351225.6236143993,
        "revenue": 97.3725830356487,
        "volume": 32503.06999490378,
        "rr": 0.0002772365581804798,
        "apr": 0.10119134373587511
    },
    "4/7/2022": {
        "tvl": 352966.41338605515,
        "revenue": 104.03853169136808,
        "volume": 35122.62961059445,
        "rr": 0.0002947547634725701,
        "apr": 0.10758548866748807
    },
    "4/8/2022": {
        "tvl": 339079.5466686433,
        "revenue": 63.03250391683241,
        "volume": 20766.869724128144,
        "rr": 0.00018589296976508375,
        "apr": 0.06785093396425557
    },
    "4/9/2022": {
        "tvl": 344395.44391697535,
        "revenue": 54.8971815152525,
        "volume": 18709.676732111242,
        "rr": 0.00015940159048238384,
        "apr": 0.0581815805260701
    },
    "4/10/2022": {
        "tvl": 335049.76616725454,
        "revenue": 76.7251498152493,
        "volume": 25320.680192602624,
        "rr": 0.00022899627924810617,
        "apr": 0.08358364192555875
    },
    "4/11/2022": {
        "tvl": 333179.37915654574,
        "revenue": 192.497765868122,
        "volume": 65114.03472898589,
        "rr": 0.0005777601433661238,
        "apr": 0.2108824523286352
    },
    "4/12/2022": {
        "tvl": 338017.7142938188,
        "revenue": 106.42163553757541,
        "volume": 35911.294358506624,
        "rr": 0.00031484040935520136,
        "apr": 0.11491674941464851
    },
    "4/13/2022": {
        "tvl": 345534.7499486143,
        "revenue": 88.49751201746619,
        "volume": 30242.37002757359,
        "rr": 0.0002561175454295899,
        "apr": 0.09348290408180031
    },
    "4/14/2022": {
        "tvl": 344513.2594898309,
        "revenue": 72.71517364527612,
        "volume": 24675.76726404798,
        "rr": 0.00021106640061678813,
        "apr": 0.07703923622512766
    },
    "4/15/2022": {
        "tvl": 345653.6715664154,
        "revenue": 152.2385686715071,
        "volume": 52104.7126236169,
        "rr": 0.00044043671800620614,
        "apr": 0.16075940207226525
    },
    "4/16/2022": {
        "tvl": 347375.8526416577,
        "revenue": 42.99960995590794,
        "volume": 14612.451093103553,
        "rr": 0.00012378410770038476,
        "apr": 0.045181199310640435
    },
    "4/17/2022": {
        "tvl": 338223.34434349183,
        "revenue": 29.82993777677188,
        "volume": 9917.900564224168,
        "rr": 0.00008819597545720346,
        "apr": 0.03219153104187926
    },
    "4/18/2022": {
        "tvl": 340085.2961245685,
        "revenue": 101.8254559738532,
        "volume": 34593.67788421759,
        "rr": 0.0002994115215629786,
        "apr": 0.10928520537048718
    },
    "4/19/2022": {
        "tvl": 343006.0161608301,
        "revenue": 46.37086532000259,
        "volume": 15609.409872340168,
        "rr": 0.00013518965596877468,
        "apr": 0.04934422442860276
    },
    "4/20/2022": {
        "tvl": 341055.6518447231,
        "revenue": 34.821313411902125,
        "volume": 11676.413531896513,
        "rr": 0.00010209862590916888,
        "apr": 0.03726599845684664
    },
    "4/21/2022": {
        "tvl": 338351.9536557325,
        "revenue": 117.8722084242944,
        "volume": 39819.769369750546,
        "rr": 0.00034837159103336346,
        "apr": 0.12715563072717767
    },
    "4/22/2022": {
        "tvl": 336365.5014873274,
        "revenue": 59.108014703843104,
        "volume": 19752.952626314065,
        "rr": 0.0001757255558090282,
        "apr": 0.06413982787029529
    },
    "4/23/2022": {
        "tvl": 335937.8152020265,
        "revenue": 12.236425617985711,
        "volume": 4115.39467052861,
        "rr": 0.000036424674639938825,
        "apr": 0.013295006243577672
    },
    "4/24/2022": {
        "tvl": 328825.3699937519,
        "revenue": 80.1566954191783,
        "volume": 26946.44971022289,
        "rr": 0.00024376676112521786,
        "apr": 0.08897486781070452
    },
    "4/25/2022": {
        "tvl": 330831.64261833066,
        "revenue": 150.86269149084575,
        "volume": 51622.02340497049,
        "rr": 0.0004560104659181315,
        "apr": 0.16644382006011801
    },
    "4/26/2022": {
        "tvl": 319963.02049879543,
        "revenue": 94.07741518748789,
        "volume": 31152.589341414154,
        "rr": 0.00029402590037070253,
        "apr": 0.10731945363530643
    },
    "4/27/2022": {
        "tvl": 323364.3803313955,
        "revenue": 52.368830064397706,
        "volume": 17660.841471743675,
        "rr": 0.00016194990311155558,
        "apr": 0.05911171463571779
    },
    "4/28/2022": {
        "tvl": 321088.14490816044,
        "revenue": 37.488184841171844,
        "volume": 12569.330352292156,
        "rr": 0.00011675356264521831,
        "apr": 0.042615050365504684
    },
    "4/29/2022": {
        "tvl": 317309.556129354,
        "revenue": 117.66750664940866,
        "volume": 39569.78425610839,
        "rr": 0.00037082875184963064,
        "apr": 0.1353524944251152
    },
    "4/30/2022": {
        "tvl": 306894.7078109802,
        "revenue": 145.70479999681294,
        "volume": 48490.85756414798,
        "rr": 0.0004747713019755105,
        "apr": 0.1732915252210613
    },
    "5/1/2022": {
        "tvl": 308977.3667666954,
        "revenue": 73.81651730899937,
        "volume": 25026.15882818183,
        "rr": 0.00023890590460218795,
        "apr": 0.0872006551797986
    },
    "5/2/2022": {
        "tvl": 307144.5106033179,
        "revenue": 61.82904246920818,
        "volume": 21041.46618622602,
        "rr": 0.0002013027755168361,
        "apr": 0.07347551306364518
    },
    "5/3/2022": {
        "tvl": 307043.81015545566,
        "revenue": 61.71024505604568,
        "volume": 20885.3114493047,
        "rr": 0.0002009818892776308,
        "apr": 0.07335838958633523
    },
    "5/4/2022": {
        "tvl": 325099.55731961975,
        "revenue": 102.47066400456615,
        "volume": 35577.86678623063,
        "rr": 0.0003151977961748582,
        "apr": 0.11504719560382326
    },
    "5/5/2022": {
        "tvl": 304970.51701332047,
        "revenue": 111.24708619824666,
        "volume": 35944.81710609122,
        "rr": 0.0003647798065456525,
        "apr": 0.13314462938916316
    },
    "5/6/2022": {
        "tvl": 308262.1544822779,
        "revenue": 27.026998981801274,
        "volume": 9188.293992931292,
        "rr": 0.0000876753717211662,
        "apr": 0.03200151067822566
    },
    "5/7/2022": {
        "tvl": 312626.12082810875,
        "revenue": 88.65346406651899,
        "volume": 30323.706138444337,
        "rr": 0.00028357663726782234,
        "apr": 0.10350547260275515
    },
    "5/8/2022": {
        "tvl": 310320.66788839456,
        "revenue": 87.98920425071127,
        "volume": 29580.862893757167,
        "rr": 0.0002835428424714405,
        "apr": 0.1034931375020758
    },
    "5/9/2022": {
        "tvl": 281922.1604811392,
        "revenue": 377.19601267254285,
        "volume": 122556.70334716215,
        "rr": 0.0013379438211909473,
        "apr": 0.4883494947346957
    },
    "5/10/2022": {
        "tvl": 283135.12234211294,
        "revenue": 148.1758908278134,
        "volume": 49703.894286737326,
        "rr": 0.0005233398442485424,
        "apr": 0.191019043150718
    },
    "5/11/2022": {
        "tvl": 253447.1197034724,
        "revenue": 429.9297355805831,
        "volume": 137179.80350945742,
        "rr": 0.001696329143860824,
        "apr": 0.6191601375092007
    },
    "5/12/2022": {
        "tvl": 264651.24160866614,
        "revenue": 572.3602976856737,
        "volume": 206989.6228111905,
        "rr": 0.002162696438552932,
        "apr": 0.78938420007182
    },
    "5/13/2022": {
        "tvl": 262681.3185789606,
        "revenue": 72.63288591055435,
        "volume": 24250.28524974246,
        "rr": 0.00027650571537968466,
        "apr": 0.10092458611358489
    },
    "5/14/2022": {
        "tvl": 261158.09746495928,
        "revenue": 92.04844241200057,
        "volume": 31255.213012702738,
        "rr": 0.00035246252482885816,
        "apr": 0.1286488215625332
    },
    "5/15/2022": {
        "tvl": 228513.66744459217,
        "revenue": 138.0825196200549,
        "volume": 46128.48428443449,
        "rr": 0.0006042637237596996,
        "apr": 0.22055625917229038
    },
    "5/16/2022": {
        "tvl": 228818.8022620468,
        "revenue": 90.62396021956053,
        "volume": 30956.09437367441,
        "rr": 0.00039605119563459904,
        "apr": 0.14455868640662864
    },
    "5/17/2022": {
        "tvl": 228299.96984388182,
        "revenue": 85.05007639552083,
        "volume": 28707.449490282703,
        "rr": 0.00037253652049836254,
        "apr": 0.13597582998190233
    },
    "5/18/2022": {
        "tvl": 218667.2486119551,
        "revenue": 64.81377669451449,
        "volume": 21636.53887145745,
        "rr": 0.0002964036777612382,
        "apr": 0.10818734238285192
    },
    "5/19/2022": {
        "tvl": 223714.9676846134,
        "revenue": 55.70161081890956,
        "volume": 18936.965697182015,
        "rr": 0.0002489847299686984,
        "apr": 0.09087942643857493
    },
    "5/20/2022": {
        "tvl": 224025.15993730316,
        "revenue": 73.66559271013296,
        "volume": 25062.278223839672,
        "rr": 0.000328827318908061,
        "apr": 0.12002197140144226
    },
    "5/21/2022": {
        "tvl": 227739.4436143771,
        "revenue": 55.97766228012253,
        "volume": 18991.83854507594,
        "rr": 0.00024579695722321806,
        "apr": 0.08971588938647461
    },
    "5/22/2022": {
        "tvl": 236105.4416385555,
        "revenue": 39.05540285588203,
        "volume": 13208.618812190429,
        "rr": 0.0001654150899057651,
        "apr": 0.06037650781560426
    },
    "5/23/2022": {
        "tvl": 238777.1480669234,
        "revenue": 89.65675983797249,
        "volume": 30443.69190340504,
        "rr": 0.0003754829997921069,
        "apr": 0.13705129492411905
    },
    "5/24/2022": {
        "tvl": 242789.48112462068,
        "revenue": 98.21240646714253,
        "volume": 33244.38088879264,
        "rr": 0.00040451672787558446,
        "apr": 0.14764860567458832
    },
    "5/25/2022": {
        "tvl": 250458.74131303254,
        "revenue": 75.99469921096679,
        "volume": 25982.594895420865,
        "rr": 0.000303422027965819,
        "apr": 0.11074904020752392
    },
    "5/26/2022": {
        "tvl": 230242.2520084291,
        "revenue": 154.21258256921328,
        "volume": 50608.98261615336,
        "rr": 0.0006697840262766697,
        "apr": 0.24447116959098444
    },
    "5/27/2022": {
        "tvl": 230367.2873305369,
        "revenue": 65.68205838490326,
        "volume": 22252.515514294715,
        "rr": 0.0002851188601733238,
        "apr": 0.10406838396326319
    },
    "5/28/2022": {
        "tvl": 237843.3986463415,
        "revenue": 46.77423432548614,
        "volume": 15873.291562918559,
        "rr": 0.00019665979628485106,
        "apr": 0.07178082564397065
    },
    "5/29/2022": {
        "tvl": 243311.45952891058,
        "revenue": 46.38184909935692,
        "volume": 15864.89851031475,
        "rr": 0.00019062747471557446,
        "apr": 0.06957902827118469
    },
    "5/30/2022": {
        "tvl": 246821.68425288977,
        "revenue": 66.16789547942862,
        "volume": 22345.534126326213,
        "rr": 0.0002680797502849628,
        "apr": 0.09784910885401142
    },
    "5/31/2022": {
        "tvl": 242998.29149262904,
        "revenue": 85.33974488984695,
        "volume": 28640.079173352224,
        "rr": 0.000351194835015684,
        "apr": 0.12818611478072467
    },
    "6/1/2022": {
        "tvl": 231150.1509048546,
        "revenue": 119.25653060510642,
        "volume": 39203.081196418854,
        "rr": 0.00051592668288672,
        "apr": 0.18831323925365281
    },
    "6/2/2022": {
        "tvl": 236918.09329421868,
        "revenue": 27.29847494042664,
        "volume": 9227.99571628066,
        "rr": 0.00011522325948540286,
        "apr": 0.04205648971217204
    },
    "6/3/2022": {
        "tvl": 229788.7818091766,
        "revenue": 41.78133446097836,
        "volume": 13920.647818485084,
        "rr": 0.00018182495303741507,
        "apr": 0.0663661078586565
    },
    "6/4/2022": {
        "tvl": 232036.8190960998,
        "revenue": 36.10864699655232,
        "volume": 12174.7036263494,
        "rr": 0.00015561602308294722,
        "apr": 0.05679984842527574
    },
    "6/5/2022": {
        "tvl": 243146.72624245664,
        "revenue": 66.5760740995868,
        "volume": 22725.206073515925,
        "rr": 0.0002738102837263771,
        "apr": 0.09994075356012766
    },
    "6/6/2022": {
        "tvl": 245494.33171103004,
        "revenue": 128.42214103260605,
        "volume": 44014.16105855076,
        "rr": 0.0005231165222330714,
        "apr": 0.19093753061507104
    },
    "6/7/2022": {
        "tvl": 241596.17140360473,
        "revenue": 89.9410914374201,
        "volume": 30029.44341384745,
        "rr": 0.0003722786288991587,
        "apr": 0.13588169954819293
    },
    "6/8/2022": {
        "tvl": 244189.96149292207,
        "revenue": 12.356249765800225,
        "volume": 4152.216940611334,
        "rr": 0.00005060097348087905,
        "apr": 0.018469355320520853
    },
    "6/9/2022": {
        "tvl": 255473.26441803417,
        "revenue": 107.80811560169742,
        "volume": 36899.333719105125,
        "rr": 0.00042199372935278906,
        "apr": 0.15402771121376801
    },
    "6/10/2022": {
        "tvl": 241416.13054094816,
        "revenue": 99.11936673466363,
        "volume": 32728.632887265194,
        "rr": 0.00041057474706666854,
        "apr": 0.14985978267933403
    },
    "6/11/2022": {
        "tvl": 220378.34524649126,
        "revenue": 143.27929875938688,
        "volume": 46041.784270998694,
        "rr": 0.0006501514411460447,
        "apr": 0.23730527601830628
    },
    "6/12/2022": {
        "tvl": 211266.10924280298,
        "revenue": 134.08163720856717,
        "volume": 44042.35746712348,
        "rr": 0.0006346575780144198,
        "apr": 0.23165001597526322
    },
    "6/13/2022": {
        "tvl": 199285.07880951097,
        "revenue": 321.0886418890959,
        "volume": 106302.24929655499,
        "rr": 0.001611202623935595,
        "apr": 0.5880889577364922
    },
    "6/14/2022": {
        "tvl": 200696.62403602526,
        "revenue": 108.56084429403928,
        "volume": 36252.504767649974,
        "rr": 0.0005409201316438312,
        "apr": 0.1974358480499984
    },
    "6/15/2022": {
        "tvl": 206245.2340761891,
        "revenue": 176.26024557868237,
        "volume": 60968.64422298281,
        "rr": 0.0008546148780997772,
        "apr": 0.31193443050641867
    },
    "6/16/2022": {
        "tvl": 199878.04745880433,
        "revenue": 127.35735695442933,
        "volume": 42628.92661500521,
        "rr": 0.0006371753105136681,
        "apr": 0.23256898833748885
    },
    "6/17/2022": {
        "tvl": 198552.84660927378,
        "revenue": 95.04902655566644,
        "volume": 31585.844445495826,
        "rr": 0.00047870895924605195,
        "apr": 0.17472877012480895
    },
    "6/18/2022": {
        "tvl": 189704.91728156598,
        "revenue": 203.62307161756195,
        "volume": 67689.37218173902,
        "rr": 0.0010733673883389023,
        "apr": 0.39177909674369926
    },
    "6/19/2022": {
        "tvl": 197120.89573299122,
        "revenue": 114.02564851120576,
        "volume": 38808.789358404654,
        "rr": 0.0005784554097484339,
        "apr": 0.2111362245581784
    },
    "6/20/2022": {
        "tvl": 201885.21534292516,
        "revenue": 94.24998615279833,
        "volume": 31627.154562499232,
        "rr": 0.0004668493727621606,
        "apr": 0.1704000210581886
    },
    "6/21/2022": {
        "tvl": 199239.4953663935,
        "revenue": 107.70113809713861,
        "volume": 35359.648041457105,
        "rr": 0.0005405611869227058,
        "apr": 0.1973048332267876
    },
    "6/22/2022": {
        "tvl": 200099.44803123968,
        "revenue": 80.7747419789953,
        "volume": 27275.716987482014,
        "rr": 0.00040367298747563104,
        "apr": 0.1473406404286053
    },
    "6/23/2022": {
        "tvl": 207025.44250902507,
        "revenue": 151.2834628976244,
        "volume": 51948.26314641285,
        "rr": 0.0007307481682645327,
        "apr": 0.26672308141655443
    },
    "6/24/2022": {
        "tvl": 211431.03214081115,
        "revenue": 156.88637377938437,
        "volume": 53831.44013917743,
        "rr": 0.0007420215102336514,
        "apr": 0.27083785123528276
    },
    "6/25/2022": {
        "tvl": 212296.69109285748,
        "revenue": 115.07767856116824,
        "volume": 39328.097066406925,
        "rr": 0.000542060632074731,
        "apr": 0.1978521307072768
    },
    "6/26/2022": {
        "tvl": 208191.90264983318,
        "revenue": 75.04538471018833,
        "volume": 24989.360074774926,
        "rr": 0.0003604625528419823,
        "apr": 0.13156883178732354
    },
    "6/27/2022": {
        "tvl": 217554.8221996197,
        "revenue": 155.953844671136,
        "volume": 53454.220837789944,
        "rr": 0.0007168484848754074,
        "apr": 0.26164969697952367
    },
    "6/28/2022": {
        "tvl": 211166.65778894175,
        "revenue": 97.33176697742628,
        "volume": 31955.507161970076,
        "rr": 0.0004609239356087554,
        "apr": 0.16823723649719574
    },
    "6/29/2022": {
        "tvl": 205963.8192047536,
        "revenue": 98.68099532609463,
        "volume": 32765.829110440165,
        "rr": 0.00047911810776820696,
        "apr": 0.17487810933539555
    },
    "6/30/2022": {
        "tvl": 200564.49818076665,
        "revenue": 111.6531129427748,
        "volume": 37327.820014123994,
        "rr": 0.000556694300115582,
        "apr": 0.20319341954218742
    },
    "7/1/2022": {
        "tvl": 132951.5090883106,
        "revenue": 48.92811401458447,
        "volume": 16780.042001746024,
        "rr": 0.00036801473221402005,
        "apr": 0.1343253772581173
    },
    "7/2/2022": {
        "tvl": 134370.17875866446,
        "revenue": 21.9180100892487,
        "volume": 7408.929977740061,
        "rr": 0.0001631166252194584,
        "apr": 0.059537568205102316
    },
    "7/3/2022": {
        "tvl": 134462.4559704115,
        "revenue": 19.526212796588194,
        "volume": 6657.054642787665,
        "rr": 0.00014521683882439974,
        "apr": 0.0530041461709059
    },
    "7/4/2022": {
        "tvl": 138260.54670021514,
        "revenue": 21.61734962655432,
        "volume": 7362.548294611047,
        "rr": 0.0001563522649264968,
        "apr": 0.05706857669817132
    },
    "7/5/2022": {
        "tvl": 135494.52760165048,
        "revenue": 38.408900447549044,
        "volume": 12889.75406989371,
        "rr": 0.0002834719684065025,
        "apr": 0.10346726846837341
    },
    "7/6/2022": {
        "tvl": 138517.8828467578,
        "revenue": 25.508514556346526,
        "volume": 8700.863473781317,
        "rr": 0.0001841532229060025,
        "apr": 0.06721592636069092
    },
    "7/7/2022": {
        "tvl": 140213.73572439118,
        "revenue": 16.73980633729081,
        "volume": 5695.018453803837,
        "rr": 0.00011938777788643426,
        "apr": 0.04357653892854851
    },
    "7/8/2022": {
        "tvl": 140186.68276388044,
        "revenue": 28.96830266211872,
        "volume": 9858.148541001767,
        "rr": 0.00020664090262347302,
        "apr": 0.07542392945756765
    },
    "7/9/2022": {
        "tvl": 140402.60974073625,
        "revenue": 24.996831664980373,
        "volume": 8373.80615946318,
        "rr": 0.0001780368022441952,
        "apr": 0.06498343281913124
    },
    "7/10/2022": {
        "tvl": 142839.0190601913,
        "revenue": 37.61297383486054,
        "volume": 12872.882589523551,
        "rr": 0.00026332422388738693,
        "apr": 0.09611334171889623
    },
    "7/11/2022": {
        "tvl": 140185.2131325352,
        "revenue": 62.22791660267641,
        "volume": 20727.09065812949,
        "rr": 0.0004438978634918101,
        "apr": 0.1620227201745107
    },
    "7/12/2022": {
        "tvl": 135057.1747100604,
        "revenue": 67.42390342660565,
        "volume": 22541.86567805654,
        "rr": 0.0004992248917641785,
        "apr": 0.18221708549392515
    },
    "7/13/2022": {
        "tvl": 137580.8403612151,
        "revenue": 44.01268617236998,
        "volume": 15141.587890128412,
        "rr": 0.0003199041818382252,
        "apr": 0.1167650263709522
    },
    "7/14/2022": {
        "tvl": 140095.41235074654,
        "revenue": 44.63880563976255,
        "volume": 15285.934023008062,
        "rr": 0.0003186314590231097,
        "apr": 0.11630048254343504
    },
    "7/15/2022": {
        "tvl": 139378.1263983054,
        "revenue": 34.131649060414446,
        "volume": 11463.58225455058,
        "rr": 0.0002448852624326096,
        "apr": 0.08938312078790249
    },
    "7/16/2022": {
        "tvl": 141242.8867392842,
        "revenue": 40.42375212027211,
        "volume": 13692.3606007057,
        "rr": 0.00028620026858335913,
        "apr": 0.10446309803292608
    },
    "7/17/2022": {
        "tvl": 142425.9865133627,
        "revenue": 50.80591993991092,
        "volume": 17293.09203965571,
        "rr": 0.000356718048325712,
        "apr": 0.13020208763888488
    },
    "7/18/2022": {
        "tvl": 145214.19148570384,
        "revenue": 93.8777014113591,
        "volume": 31725.33928674545,
        "rr": 0.0006464774582352114,
        "apr": 0.2359642722558522
    },
    "7/19/2022": {
        "tvl": 148443.93656166174,
        "revenue": 40.55902793697281,
        "volume": 13864.160684118724,
        "rr": 0.00027322791941808346,
        "apr": 0.09972819058760046
    },
    "7/20/2022": {
        "tvl": 140627.81231025935,
        "revenue": 65.02730800821756,
        "volume": 21214.843047423296,
        "rr": 0.0004624071649834914,
        "apr": 0.16877861521897436
    },
    "7/21/2022": {
        "tvl": 145280.95648900306,
        "revenue": 34.44868063181265,
        "volume": 11676.635671271808,
        "rr": 0.00023711766128425935,
        "apr": 0.08654794636875467
    },
    "7/22/2022": {
        "tvl": 149009.53972510755,
        "revenue": 35.015610814750765,
        "volume": 11770.419543100636,
        "rr": 0.0002349890542534893,
        "apr": 0.08577100480252359
    },
    "7/23/2022": {
        "tvl": 150262.57282991832,
        "revenue": 36.37909613986591,
        "volume": 12418.228725264242,
        "rr": 0.00024210350890932288,
        "apr": 0.08836778075190285
    },
    "7/24/2022": {
        "tvl": 145314.9741929468,
        "revenue": 45.28958055716377,
        "volume": 14884.114095339288,
        "rr": 0.0003116649251647598,
        "apr": 0.11375769768513734
    },
    "7/25/2022": {
        "tvl": 139572.4090176101,
        "revenue": 59.578575949023175,
        "volume": 19907.114013988703,
        "rr": 0.00042686499694582217,
        "apr": 0.1558057238852251
    },
    "7/26/2022": {
        "tvl": 141243.5326670684,
        "revenue": 28.534087996460954,
        "volume": 9719.576519170309,
        "rr": 0.00020202049224951038,
        "apr": 0.07373747967107129
    },
    "7/27/2022": {
        "tvl": 146704.83276868725,
        "revenue": 36.31684387043078,
        "volume": 12522.423261274189,
        "rr": 0.00024755042615189337,
        "apr": 0.09035590554544108
    },
    "7/28/2022": {
        "tvl": 150842.91734573568,
        "revenue": 28.680464559672682,
        "volume": 9802.255706233895,
        "rr": 0.0001901346451284574,
        "apr": 0.06939914547188694
    },
    "7/29/2022": {
        "tvl": 152401.2223716095,
        "revenue": 30.75075943137426,
        "volume": 10393.313561716093,
        "rr": 0.0002017750182895039,
        "apr": 0.07364788167566894
    },
    "7/30/2022": {
        "tvl": 157027.80384335516,
        "revenue": 22.663980742379383,
        "volume": 7672.672684126969,
        "rr": 0.00014433100500461747,
        "apr": 0.05268081682668538
    },
    "7/31/2022": {
        "tvl": 154617.2425478091,
        "revenue": 16.295666188874808,
        "volume": 5477.602687937901,
        "rr": 0.00010539358948815839,
        "apr": 0.03846866016317781
    },
    "8/1/2022": {
        "tvl": 151162.71077602045,
        "revenue": 42.91879097184068,
        "volume": 14162.937054330638,
        "rr": 0.00028392445962042816,
        "apr": 0.10363242776145627
    },
    "8/2/2022": {
        "tvl": 151544.3170877899,
        "revenue": 40.06300694897424,
        "volume": 13482.883974806895,
        "rr": 0.0002643649575177779,
        "apr": 0.09649320949398893
    },
    "8/3/2022": {
        "tvl": 154620.95217304357,
        "revenue": 13.423457619345788,
        "volume": 4527.3063199836815,
        "rr": 0.00008681525647522185,
        "apr": 0.03168756861345598
    },
    "8/4/2022": {
        "tvl": 158033.7614076955,
        "revenue": 31.609580552443752,
        "volume": 10749.552369721861,
        "rr": 0.00020001789662461652,
        "apr": 0.07300653226798502
    },
    "8/5/2022": {
        "tvl": 158141.97357421205,
        "revenue": 14.943361875335544,
        "volume": 5030.266062590367,
        "rr": 0.00009449333113528521,
        "apr": 0.0344900658643791
    },
    "8/6/2022": {
        "tvl": 158496.6403484464,
        "revenue": 10.990135586923047,
        "volume": 3711.5068979542984,
        "rr": 0.00006933986463537536,
        "apr": 0.02530905059191201
    },
    "8/7/2022": {
        "tvl": 160923.42933186094,
        "revenue": 11.745521615811125,
        "volume": 3942.0918762751594,
        "rr": 0.00007298826320429184,
        "apr": 0.026640716069566524
    },
    "8/8/2022": {
        "tvl": 159428.05184130816,
        "revenue": 19.712497077416057,
        "volume": 6619.628431674496,
        "rr": 0.0001236450978968088,
        "apr": 0.04513046073233521
    },
    "8/9/2022": {
        "tvl": 155017.00320588425,
        "revenue": 48.4990614012761,
        "volume": 16212.561923746909,
        "rr": 0.00031286284986984666,
        "apr": 0.11419494020249403
    },
    "8/10/2022": {
        "tvl": 160883.23606124456,
        "revenue": 18.131265245131868,
        "volume": 6136.427500394368,
        "rr": 0.00011269828783298286,
        "apr": 0.04113487505903875
    },
    "8/11/2022": {
        "tvl": 160454.70503693726,
        "revenue": 9.953667228413451,
        "volume": 3341.414992532944,
        "rr": 0.00006203412499572438,
        "apr": 0.022642455623439396
    },
    "8/12/2022": {
        "tvl": 161566.98997563272,
        "revenue": 4.799504823617123,
        "volume": 1624.7445374178426,
        "rr": 0.00002970597412467099,
        "apr": 0.01084268055550491
    },
    "8/13/2022": {
        "tvl": 160838.59961796986,
        "revenue": 1.7090492537903523,
        "volume": 572.6356460912516,
        "rr": 0.000010625865046386582,
        "apr": 0.003878440741931103
    },
    "8/14/2022": {
        "tvl": 158412.0665514941,
        "revenue": 34.72201895932206,
        "volume": 11669.888129289133,
        "rr": 0.0002191879679066946,
        "apr": 0.08000360828594352
    },
    "8/15/2022": {
        "tvl": 155531.86027767454,
        "revenue": 21.976252235556995,
        "volume": 7337.3074085567405,
        "rr": 0.00014129743061210928,
        "apr": 0.051573562173419886
    },
    "8/16/2022": {
        "tvl": 164200.77731438476,
        "revenue": 24.18973236575483,
        "volume": 8203.044071932232,
        "rr": 0.0001473180137231646,
        "apr": 0.053771075008955074
    },
    "8/17/2022": {
        "tvl": 158910.09528763412,
        "revenue": 32.58602520893994,
        "volume": 10887.822568793923,
        "rr": 0.00020505950329938337,
        "apr": 0.07484671870427494
    },
    "8/18/2022": {
        "tvl": 151460.56941142993,
        "revenue": 32.90897116803121,
        "volume": 10712.727727929963,
        "rr": 0.0002172774821586518,
        "apr": 0.07930628098790792
    },
    "8/19/2022": {
        "tvl": 146955.4821624805,
        "revenue": 51.70871285216732,
        "volume": 17268.39934139999,
        "rr": 0.00035186651148540253,
        "apr": 0.12843127669217194
    },
    "8/20/2022": {
        "tvl": 146004.5395426776,
        "revenue": 21.743296423376037,
        "volume": 7285.24843630986,
        "rr": 0.00014892205743384027,
        "apr": 0.0543565509633517
    },
    "8/21/2022": {
        "tvl": 148022.2473513429,
        "revenue": 31.439742264164604,
        "volume": 10568.940501391226,
        "rr": 0.0002123987632044243,
        "apr": 0.07752554856961488
    },
    "8/22/2022": {
        "tvl": 146645.0220822577,
        "revenue": 60.21065865250541,
        "volume": 20400.535884958237,
        "rr": 0.00041058781128439125,
        "apr": 0.14986455111880279
    },
    "8/23/2022": {
        "tvl": 145031.3576094524,
        "revenue": 26.737691537594667,
        "volume": 8909.121887974678,
        "rr": 0.00018435800352634943,
        "apr": 0.06729067128711753
    },
    "8/24/2022": {
        "tvl": 147751.26914673406,
        "revenue": 19.586362543791786,
        "volume": 6564.652079701271,
        "rr": 0.00013256307480066562,
        "apr": 0.04838552230224295
    },
    "8/25/2022": {
        "tvl": 149774.20632089232,
        "revenue": 9.84619271220408,
        "volume": 3310.873936230502,
        "rr": 0.00006574024295684493,
        "apr": 0.0239951886792484
    },
    "8/26/2022": {
        "tvl": 141114.21902222803,
        "revenue": 32.941960683046375,
        "volume": 10627.425439426055,
        "rr": 0.0002334418240153207,
        "apr": 0.08520626576559205
    },
    "8/27/2022": {
        "tvl": 140942.9876725449,
        "revenue": 22.54646579208797,
        "volume": 7587.3747316464505,
        "rr": 0.00015996869489151556,
        "apr": 0.058388573635403174
    },
    "8/28/2022": {
        "tvl": 140377.62535428803,
        "revenue": 12.346567624623024,
        "volume": 4134.905355092012,
        "rr": 0.00008795253227473036,
        "apr": 0.03210267428027658
    },
    "8/29/2022": {
        "tvl": 143005.65373880565,
        "revenue": 25.445794337121537,
        "volume": 8571.460836455582,
        "rr": 0.00017793558276791845,
        "apr": 0.06494648771029023
    },
    "8/30/2022": {
        "tvl": 144038.34404939826,
        "revenue": 25.522989292651715,
        "volume": 8658.150056375674,
        "rr": 0.00017719579783490535,
        "apr": 0.06467646620974045
    },
    "8/31/2022": {
        "tvl": 142561.33069441593,
        "revenue": 42.83072289487599,
        "volume": 14290.165684978405,
        "rr": 0.0003004371710494538,
        "apr": 0.10965956743305065
    },
    "9/1/2022": {
        "tvl": 145133.14692338285,
        "revenue": 22.6358676319964,
        "volume": 7700.743879663282,
        "rr": 0.0001559662152433454,
        "apr": 0.05692766856382107
    },
    "9/2/2022": {
        "tvl": 141861.18520494195,
        "revenue": 10.804969438190763,
        "volume": 3558.7044023249837,
        "rr": 0.00007616579138670805,
        "apr": 0.02780051385614844
    },
    "9/3/2022": {
        "tvl": 143356.9978327343,
        "revenue": 4.9285417023143525,
        "volume": 1655.3241282403235,
        "rr": 0.000034379498572262675,
        "apr": 0.012548516978875877
    },
    "9/4/2022": {
        "tvl": 144980.2564249428,
        "revenue": 5.9736111683367685,
        "volume": 2018.7782097648235,
        "rr": 0.000041202928699669836,
        "apr": 0.01503906897537949
    },
    "9/5/2022": {
        "tvl": 144669.16133255383,
        "revenue": 28.738654560159926,
        "volume": 9675.2377815074,
        "rr": 0.00019865086861254293,
        "apr": 0.07250756704357816
    },
    "9/6/2022": {
        "tvl": 138664.60078468194,
        "revenue": 40.52086660116625,
        "volume": 13241.088466620642,
        "rr": 0.0002922221415694042,
        "apr": 0.10666108167283254
    },
    "9/7/2022": {
        "tvl": 142218.06756101135,
        "revenue": 21.575199645819268,
        "volume": 7298.668122062061,
        "rr": 0.00015170505418774262,
        "apr": 0.05537234477852605
    },
    "9/8/2022": {
        "tvl": 148049.79904869976,
        "revenue": 21.893274354438127,
        "volume": 7451.006198093498,
        "rr": 0.00014787777150063213,
        "apr": 0.053975386597730726
    },
    "9/9/2022": {
        "tvl": 149940.70079431034,
        "revenue": 51.7932448025073,
        "volume": 17523.034861490254,
        "rr": 0.00034542485481348805,
        "apr": 0.12608007200692314
    },
    "9/10/2022": {
        "tvl": 150299.41935038727,
        "revenue": 10.924844541816663,
        "volume": 3662.639182602637,
        "rr": 0.00007268720390960389,
        "apr": 0.026530829427005416
    },
    "9/11/2022": {
        "tvl": 149888.53205511294,
        "revenue": 22.123949931509816,
        "volume": 7305.207542455975,
        "rr": 0.00014760268599718488,
        "apr": 0.05387498038897248
    },
    "9/12/2022": {
        "tvl": 148593.7635397901,
        "revenue": 14.499421796629209,
        "volume": 4816.005494824013,
        "rr": 0.0000975775931050201,
        "apr": 0.03561582148333233
    },
    "9/13/2022": {
        "tvl": 144913.57380098847,
        "revenue": 27.565226534178965,
        "volume": 9139.34072580478,
        "rr": 0.0001902183888724918,
        "apr": 0.06942971193845951
    },
    "9/14/2022": {
        "tvl": 144818.04147861965,
        "revenue": 16.068886924473354,
        "volume": 5390.511817769295,
        "rr": 0.00011095915094836923,
        "apr": 0.040500090096154774
    },
    "9/15/2022": {
        "tvl": 143793.9637219919,
        "revenue": 4.587893382856658,
        "volume": 1520.0406455623527,
        "rr": 0.00003190602208954188,
        "apr": 0.011645698062682787
    },
    "9/16/2022": {
        "tvl": 144454.41225463423,
        "revenue": 4.681637593865644,
        "volume": 1568.5649738649263,
        "rr": 0.000032409100703778976,
        "apr": 0.011829321756879325
    },
    "9/17/2022": {
        "tvl": 144658.2563423654,
        "revenue": 3.0231653921175963,
        "volume": 1012.4107295296004,
        "rr": 0.00002089867159025209,
        "apr": 0.007628015130442013
    },
    "9/18/2022": {
        "tvl": 138652.06343813514,
        "revenue": 16.893353067783835,
        "volume": 5511.041267387704,
        "rr": 0.00012183989656469442,
        "apr": 0.04447156224611346
    },
    "9/19/2022": {
        "tvl": 142974.4932344165,
        "revenue": 15.785947736052188,
        "volume": 5313.896715009536,
        "rr": 0.00011041093679674767,
        "apr": 0.0402999919308129
    },
    "9/20/2022": {
        "tvl": 141975.87240616063,
        "revenue": 14.870913737633614,
        "volume": 4976.751958884834,
        "rr": 0.00010474254171223768,
        "apr": 0.038231027724966754
    },
    "9/21/2022": {
        "tvl": 139364.6097471306,
        "revenue": 53.92512342226599,
        "volume": 17894.956458118555,
        "rr": 0.0003869355607575708,
        "apr": 0.1412314796765133
    },
    "9/22/2022": {
        "tvl": 144479.35369544703,
        "revenue": 10.438128358240293,
        "volume": 3516.5439462943646,
        "rr": 0.0000722465050628838,
        "apr": 0.026369974347952588
    },
    "9/23/2022": {
        "tvl": 143800.89296853924,
        "revenue": 20.038343173621005,
        "volume": 6774.852662754848,
        "rr": 0.00013934783546862254,
        "apr": 0.050861959946047225
    },
    "9/24/2022": {
        "tvl": 142090.98364762243,
        "revenue": 5.269164963223271,
        "volume": 1740.7358368866444,
        "rr": 0.00003708303530567781,
        "apr": 0.0135353078865724
    },
    "9/25/2022": {
        "tvl": 141152.34885292925,
        "revenue": 5.078567419038497,
        "volume": 1685.9308128785144,
        "rr": 0.000035979333396215775,
        "apr": 0.013132456689618757
    },
    "9/26/2022": {
        "tvl": 144087.39762551276,
        "revenue": 30.04148562486296,
        "volume": 10339.404402162674,
        "rr": 0.0002084948865753106,
        "apr": 0.07610063359998837
    },
    "9/27/2022": {
        "tvl": 138717.63937497282,
        "revenue": 12.080678235194593,
        "volume": 3921.9935606437066,
        "rr": 0.00008708826281666214,
        "apr": 0.03178721592808168
    },
    "9/28/2022": {
        "tvl": 139764.33183591522,
        "revenue": 3.647609394641704,
        "volume": 1225.4105591847895,
        "rr": 0.00002609828521145177,
        "apr": 0.009525874102179895
    },
    "9/29/2022": {
        "tvl": 139706.55340604682,
        "revenue": 1.665304172185675,
        "volume": 556.6730601070399,
        "rr": 0.00001192001471359465,
        "apr": 0.0043508053704620474
    },
    "9/30/2022": {
        "tvl": 139729.37974044765,
        "revenue": 4.718437908532699,
        "volume": 1577.5223550088897,
        "rr": 0.00003376840230234591,
        "apr": 0.012325466840356259
    },
    "10/1/2022": {
        "tvl": 139031.03088333033,
        "revenue": 2.3284013396237055,
        "volume": 776.5024858894545,
        "rr": 0.00001674735003279673,
        "apr": 0.0061127827619708065
    },
    "10/2/2022": {
        "tvl": 137902.9975186964,
        "revenue": 17.355125394716104,
        "volume": 5880.732496288017,
        "rr": 0.00012585024043703736,
        "apr": 0.04593533775951863
    },
    "10/3/2022": {
        "tvl": 139716.54196994886,
        "revenue": 6.903490343172315,
        "volume": 2316.0685227378517,
        "rr": 0.000049410687137226475,
        "apr": 0.018034900805087663
    },
    "10/4/2022": {
        "tvl": 140689.65166281676,
        "revenue": 2.529878233609608,
        "volume": 847.3411860617709,
        "rr": 0.000017981978089425014,
        "apr": 0.00656342200264013
    },
    "10/5/2022": {
        "tvl": 140420.24638254894,
        "revenue": 8.060527335204487,
        "volume": 2717.942178500882,
        "rr": 0.00005740288557281885,
        "apr": 0.02095205323407888
    },
    "10/6/2022": {
        "tvl": 139582.74704629392,
        "revenue": 5.388144341447052,
        "volume": 1798.689268139493,
        "rr": 0.000038601793240679114,
        "apr": 0.014089654532847877
    },
    "10/7/2022": {
        "tvl": 138560.94933070784,
        "revenue": 16.823814391360777,
        "volume": 5657.667020397243,
        "rr": 0.00012141815188640807,
        "apr": 0.04431762543853895
    },
    "10/8/2022": {
        "tvl": 138565.2315412087,
        "revenue": 7.229387718006466,
        "volume": 2435.505590302874,
        "rr": 0.00005217317243002966,
        "apr": 0.019043207936960824
    },
    "10/9/2022": {
        "tvl": 139503.95320276337,
        "revenue": 2.313435981310351,
        "volume": 773.1440570680193,
        "rr": 0.000016583300531619092,
        "apr": 0.006052904694040969
    },
    "10/10/2022": {
        "tvl": 135523.27435821283,
        "revenue": 34.01975028990877,
        "volume": 11335.408419007366,
        "rr": 0.000251025150115458,
        "apr": 0.09162417979214216
    },
    "10/11/2022": {
        "tvl": 135612.0670244274,
        "revenue": 11.515600589148,
        "volume": 3868.885815489532,
        "rr": 0.00008491575153908485,
        "apr": 0.030994249311765976
    },
    "10/12/2022": {
        "tvl": 134179.88683037975,
        "revenue": 13.174441758021754,
        "volume": 4420.8712965138775,
        "rr": 0.00009818492226540559,
        "apr": 0.035837496626873036
    },
    "10/13/2022": {
        "tvl": 137436.20050072772,
        "revenue": 46.390456972708044,
        "volume": 15879.156696451015,
        "rr": 0.00033754175976701575,
        "apr": 0.12320274231496074
    },
    "10/14/2022": {
        "tvl": 136597.6439253363,
        "revenue": 10.438889366338154,
        "volume": 3488.6414654679807,
        "rr": 0.00007642071317162693,
        "apr": 0.027893560307643832
    },
    "10/15/2022": {
        "tvl": 136270.34361547133,
        "revenue": 3.506749397750156,
        "volume": 1176.2331201511545,
        "rr": 0.000025733767925657602,
        "apr": 0.009392825292865024
    },
    "10/16/2022": {
        "tvl": 136893.66595864753,
        "revenue": 2.9666555877359166,
        "volume": 999.4158789537904,
        "rr": 0.000021671240717828947,
        "apr": 0.007910002862007565
    },
    "10/17/2022": {
        "tvl": 137590.33103788382,
        "revenue": 5.023995867242062,
        "volume": 1685.5275881463906,
        "rr": 0.00003651416367229152,
        "apr": 0.013327669740386407
    },
    "10/18/2022": {
        "tvl": 137159.29882203773,
        "revenue": 15.650554974077451,
        "volume": 5252.826365691376,
        "rr": 0.0001141049502912947,
        "apr": 0.041648306856322564
    },
    "10/19/2022": {
        "tvl": 134735.0576132265,
        "revenue": 16.623825044204096,
        "volume": 5578.452031831012,
        "rr": 0.00012338158559982825,
        "apr": 0.04503427874393731
    },
    "10/20/2022": {
        "tvl": 134587.4477650424,
        "revenue": 22.975964295307627,
        "volume": 7754.922536162074,
        "rr": 0.00017071402034027857,
        "apr": 0.062310617424201686
    },
    "10/21/2022": {
        "tvl": 135064.93717573342,
        "revenue": 14.159627324326905,
        "volume": 4748.726856482259,
        "rr": 0.00010483570066673758,
        "apr": 0.03826503074335922
    },
    "10/22/2022": {
        "tvl": 135393.10211275355,
        "revenue": 1.852173273380573,
        "volume": 618.8601789766786,
        "rr": 0.000013679967771460824,
        "apr": 0.004993188236583201
    },
    "10/23/2022": {
        "tvl": 136308.1763550027,
        "revenue": 4.897064879685036,
        "volume": 1644.9620126633774,
        "rr": 0.00003592642063474651,
        "apr": 0.013113143531682478
    },
    "10/24/2022": {
        "tvl": 136646.32327483062,
        "revenue": 9.910220115308565,
        "volume": 3347.541836439623,
        "rr": 0.00007252460130505367,
        "apr": 0.026471479476344588
    },
    "10/25/2022": {
        "tvl": 138664.75655132288,
        "revenue": 20.160442876907386,
        "volume": 6865.405170534305,
        "rr": 0.00014538981193426437,
        "apr": 0.053067281356006496
    },
    "10/26/2022": {
        "tvl": 140847.32750063096,
        "revenue": 15.54849082404002,
        "volume": 5251.497265318069,
        "rr": 0.00011039251578252606,
        "apr": 0.04029326826062201
    },
    "10/27/2022": {
        "tvl": 139056.1164184996,
        "revenue": 11.891004911452484,
        "volume": 3938.3491466805735,
        "rr": 0.00008551227531528086,
        "apr": 0.031211980490077514
    },
    "10/28/2022": {
        "tvl": 141327.74952805755,
        "revenue": 6.180677082260083,
        "volume": 2082.949621722097,
        "rr": 0.00004373293357390542,
        "apr": 0.015962520754475476
    },
    "10/29/2022": {
        "tvl": 140369.23102773866,
        "revenue": 7.0038494408054035,
        "volume": 2337.853127760041,
        "rr": 0.00004989590232507121,
        "apr": 0.018212004348650994
    },
    "10/30/2022": {
        "tvl": 139836.83792737153,
        "revenue": 8.942690395755704,
        "volume": 3001.381495397821,
        "rr": 0.00006395089111211424,
        "apr": 0.0233420752559217
    },
    "10/31/2022": {
        "tvl": 139944.64109244512,
        "revenue": 18.884681372644646,
        "volume": 6339.823872366862,
        "rr": 0.0001349439408699454,
        "apr": 0.049254538417530074
    },
    "11/1/2022": {
        "tvl": 138982.8624311881,
        "revenue": 13.250424617955714,
        "volume": 4445.735697113974,
        "rr": 0.00009533855028001124,
        "apr": 0.03479857085220411
    },
    "11/2/2022": {
        "tvl": 139136.60886103532,
        "revenue": 19.042336554006866,
        "volume": 6481.705241908286,
        "rr": 0.00013686072062476146,
        "apr": 0.049954163028037936
    },
    "11/3/2022": {
        "tvl": 137378.43088615625,
        "revenue": 12.975564912813939,
        "volume": 4372.674267910741,
        "rr": 0.00009445125285763836,
        "apr": 0.034474707293038004
    },
    "11/4/2022": {
        "tvl": 141209.5966068521,
        "revenue": 20.357177033244806,
        "volume": 6911.064659317934,
        "rr": 0.00014416284390303958,
        "apr": 0.052619438024609444
    },
    "11/5/2022": {
        "tvl": 140423.36071942517,
        "revenue": 18.652338351271002,
        "volume": 6258.847061003068,
        "rr": 0.00013282931170220007,
        "apr": 0.04848269877130302
    },
    "11/6/2022": {
        "tvl": 138116.52817921477,
        "revenue": 12.442804355793184,
        "volume": 4162.976326107403,
        "rr": 0.00009008917701470075,
        "apr": 0.03288254961036577
    },
    "11/7/2022": {
        "tvl": 136218.88577903522,
        "revenue": 30.520936994399424,
        "volume": 10022.221229571589,
        "rr": 0.00022405804319900518,
        "apr": 0.08178118576763689
    },
    "11/8/2022": {
        "tvl": 127857.95304676908,
        "revenue": 75.2208049906939,
        "volume": 24602.871658305823,
        "rr": 0.0005883154172128733,
        "apr": 0.21473512728269875
    },
    "11/9/2022": {
        "tvl": 120988.58071339435,
        "revenue": 54.97915969990677,
        "volume": 18473.979255900867,
        "rr": 0.00045441610584841057,
        "apr": 0.1658618786346699
    },
    "11/10/2022": {
        "tvl": 123057.13830598422,
        "revenue": 50.57880143631244,
        "volume": 17115.054185435103,
        "rr": 0.00041101883346699613,
        "apr": 0.1500218742154536
    },
    "11/11/2022": {
        "tvl": 119750.05129293549,
        "revenue": 36.44793139012872,
        "volume": 12158.29486673916,
        "rr": 0.00030436672883729215,
        "apr": 0.11109385602561164
    },
    "11/12/2022": {
        "tvl": 120840.35886502423,
        "revenue": 12.405257622732766,
        "volume": 4216.582809870923,
        "rr": 0.00010265823222677731,
        "apr": 0.037470254762773714
    },
    "11/13/2022": {
        "tvl": 114015.3723488533,
        "revenue": 40.344659324856366,
        "volume": 13108.306447784129,
        "rr": 0.0003538528050534593,
        "apr": 0.12915627384451264
    },
    "11/14/2022": {
        "tvl": 118644.96222751187,
        "revenue": 18.180379155435208,
        "volume": 6144.50833048774,
        "rr": 0.00015323346911748999,
        "apr": 0.05593021622788385
    },
    "11/15/2022": {
        "tvl": 118680.06465769142,
        "revenue": 3.020131840204755,
        "volume": 1013.0642052766565,
        "rr": 0.000025447676060134553,
        "apr": 0.009288401761949111
    },
    "11/16/2022": {
        "tvl": 115751.34650506778,
        "revenue": 16.665804447820218,
        "volume": 5543.551150224683,
        "rr": 0.00014397935705301332,
        "apr": 0.05255246532434986
    },
    "11/17/2022": {
        "tvl": 115862.11791198811,
        "revenue": 8.450065253604047,
        "volume": 2833.9551534277607,
        "rr": 0.00007293208000929982,
        "apr": 0.026620209203394436
    },
    "11/18/2022": {
        "tvl": 116360.05315368765,
        "revenue": 3.2684010198456424,
        "volume": 1100.4507230225715,
        "rr": 0.000028088686205125382,
        "apr": 0.010252370464870764
    },
    "11/19/2022": {
        "tvl": 117686.51667752743,
        "revenue": 3.8677793310493236,
        "volume": 1298.379014657643,
        "rr": 0.000032865101629674516,
        "apr": 0.011995762094831199
    },
    "11/20/2022": {
        "tvl": 114476.50572726157,
        "revenue": 11.567326158562594,
        "volume": 3804.696160474451,
        "rr": 0.00010104541613212376,
        "apr": 0.03688157688822517
    },
    "11/21/2022": {
        "tvl": 113891.0466230434,
        "revenue": 18.53825038075096,
        "volume": 6251.553224801845,
        "rr": 0.0001627717975242502,
        "apr": 0.059411706096351324
    },
    "11/22/2022": {
        "tvl": 116918.24363630074,
        "revenue": 13.55289129476803,
        "volume": 4638.0976538273135,
        "rr": 0.00011591767779994372,
        "apr": 0.042309952396979454
    },
    "11/23/2022": {
        "tvl": 118072.13302829584,
        "revenue": 8.460710908304808,
        "volume": 2859.644014688332,
        "rr": 0.00007165713611930098,
        "apr": 0.02615485468354486
    },
    "11/24/2022": {
        "tvl": 116127.71806091916,
        "revenue": 8.674931527692118,
        "volume": 2905.6407142293824,
        "rr": 0.00007470164464216336,
        "apr": 0.027266100294389625
    },
    "11/25/2022": {
        "tvl": 117403.69758632293,
        "revenue": 2.215412990233854,
        "volume": 743.381782367171,
        "rr": 0.000018870044434545484,
        "apr": 0.006887566218609102
    },
    "11/26/2022": {
        "tvl": 116591.85566160452,
        "revenue": 3.301619312995149,
        "volume": 1105.1253987654807,
        "rr": 0.000028317752507325627,
        "apr": 0.010335979665173854
    },
    "11/27/2022": {
        "tvl": 114778.92031817135,
        "revenue": 14.407075110094473,
        "volume": 4796.181973525734,
        "rr": 0.00012552021808671433,
        "apr": 0.045814879601650725
    },
    "11/28/2022": {
        "tvl": 116468.55404705495,
        "revenue": 5.0379342269452145,
        "volume": 1706.348107211539,
        "rr": 0.00004325574630994232,
        "apr": 0.015788347403128945
    },
    "11/29/2022": {
        "tvl": 117548.81402907647,
        "revenue": 10.553277225738722,
        "volume": 3575.5785366010305,
        "rr": 0.00008977782815510414,
        "apr": 0.03276890727661301
    },
    "11/30/2022": {
        "tvl": 118448.79998340251,
        "revenue": 11.814569551247097,
        "volume": 3963.5133341947044,
        "rr": 0.00009974410507242453,
        "apr": 0.03640659835143495
    },
    "12/1/2022": {
        "tvl": 117607.12350902127,
        "revenue": 14.84781883366628,
        "volume": 4996.889422530482,
        "rr": 0.00012624931543817028,
        "apr": 0.04608100013493216
    },
    "12/2/2022": {
        "tvl": 119026.65413945737,
        "revenue": 11.72976460362712,
        "volume": 3943.313338304707,
        "rr": 0.00009854737737888491,
        "apr": 0.03596979274329299
    },
    "12/3/2022": {
        "tvl": 117637.57002166111,
        "revenue": 13.08950418787727,
        "volume": 4367.319296069009,
        "rr": 0.00011126976003896581,
        "apr": 0.04061346241422252
    },
    "12/4/2022": {
        "tvl": 118152.31983770734,
        "revenue": 7.9242666084402815,
        "volume": 2698.9948906575596,
        "rr": 0.00006706822700836481,
        "apr": 0.024479902858053158
    },
    "12/5/2022": {
        "tvl": 118436.69379375604,
        "revenue": 8.329280926484063,
        "volume": 2792.448635117788,
        "rr": 0.000070326861208981,
        "apr": 0.02566930434127807
    },
    "12/6/2022": {
        "tvl": 118507.21176356159,
        "revenue": 10.463160991030856,
        "volume": 3525.2874936206654,
        "rr": 0.00008829134392180554,
        "apr": 0.03222634053145903
    },
    "12/7/2022": {
        "tvl": 116688.35830522924,
        "revenue": 9.088996097723294,
        "volume": 3053.1866200866757,
        "rr": 0.00007789119865709845,
        "apr": 0.028430287509840932
    },
    "12/8/2022": {
        "tvl": 117592.76675387485,
        "revenue": 4.384643403505428,
        "volume": 1476.1011153701413,
        "rr": 0.00003728667608172377,
        "apr": 0.013609636769829176
    },
    "12/9/2022": {
        "tvl": 117078.21810850494,
        "revenue": 6.969520556395386,
        "volume": 2338.814933258305,
        "rr": 0.000059528754955394197,
        "apr": 0.02172799555871888
    },
    "12/10/2022": {
        "tvl": 117802.8205641475,
        "revenue": 1.5219696485423502,
        "volume": 510.27095718771676,
        "rr": 0.000012919636739203436,
        "apr": 0.004715667409809254
    },
    "12/11/2022": {
        "tvl": 115493.68253665902,
        "revenue": 5.314641058966993,
        "volume": 1766.2291863450428,
        "rr": 0.00004601672526356639,
        "apr": 0.01679610472120173
    },
    "12/12/2022": {
        "tvl": 114025.81549815637,
        "revenue": 7.286227260593878,
        "volume": 2419.2875848026442,
        "rr": 0.0000638998039940498,
        "apr": 0.02332342845782818
    },
    "12/13/2022": {
        "tvl": 116101.05372355439,
        "revenue": 35.13937328176257,
        "volume": 11956.342804602074,
        "rr": 0.00030266196692264435,
        "apr": 0.11047161792676519
    },
    "12/14/2022": {
        "tvl": 114712.74362938391,
        "revenue": 9.176968805087144,
        "volume": 3088.33779404987,
        "rr": 0.00007999955815490096,
        "apr": 0.029199838726538856
    },
    "12/15/2022": {
        "tvl": 114135.49683984097,
        "revenue": 3.036662825889877,
        "volume": 1016.7681557572822,
        "rr": 0.000026605770421721048,
        "apr": 0.009711106203928182
    },
    "12/16/2022": {
        "tvl": 108407.41978150424,
        "revenue": 34.51353736543258,
        "volume": 11336.974906944854,
        "rr": 0.0003183687743421512,
        "apr": 0.1162046026348852
    },
    "12/17/2022": {
        "tvl": 108286.6129965785,
        "revenue": 15.094785388053712,
        "volume": 5096.185509395919,
        "rr": 0.00013939659732944696,
        "apr": 0.05087975802524814
    },
    "12/18/2022": {
        "tvl": 106837.76562370898,
        "revenue": 11.970313543585691,
        "volume": 4014.167745009644,
        "rr": 0.00011204196824694067,
        "apr": 0.040895318410133344
    },
    "12/19/2022": {
        "tvl": 105590.69375133481,
        "revenue": 22.728187566483886,
        "volume": 7729.210330308868,
        "rr": 0.00021524801816350005,
        "apr": 0.07856552662967752
    },
    "12/20/2022": {
        "tvl": 104897.01402585953,
        "revenue": 29.95432031492625,
        "volume": 10073.247186156197,
        "rr": 0.00028555932304747794,
        "apr": 0.10422915291232945
    },
    "12/21/2022": {
        "tvl": 105794.38715147237,
        "revenue": 13.621618133480434,
        "volume": 4604.3238757433,
        "rr": 0.00012875558430124957,
        "apr": 0.04699578826995609
    },
    "12/22/2022": {
        "tvl": 106090.13476697671,
        "revenue": 25.186091241281204,
        "volume": 8591.76349991686,
        "rr": 0.0002374027641363787,
        "apr": 0.08665200890977823
    },
    "12/23/2022": {
        "tvl": 105738.9698016275,
        "revenue": 3.1653716976639306,
        "volume": 1068.7714416093368,
        "rr": 0.00002993571531482057,
        "apr": 0.010926536089909508
    },
    "12/24/2022": {
        "tvl": 105044.97627467425,
        "revenue": 2.140087253495461,
        "volume": 715.3559165084965,
        "rr": 0.000020373056660030146,
        "apr": 0.007436165680911004
    },
    "12/25/2022": {
        "tvl": 104616.89614245316,
        "revenue": 14.29004264069261,
        "volume": 4830.6169125564575,
        "rr": 0.0001365940222622774,
        "apr": 0.04985681812573125
    },
    "12/26/2022": {
        "tvl": 104607.90886894349,
        "revenue": 8.50059348253215,
        "volume": 2853.820522043534,
        "rr": 0.00008126147988659248,
        "apr": 0.029660440158606253
    },
    "12/27/2022": {
        "tvl": 102311.02704428043,
        "revenue": 10.066722797375746,
        "volume": 3350.642747441051,
        "rr": 0.00009839333147363331,
        "apr": 0.03591356598787616
    },
    "12/28/2022": {
        "tvl": 101191.85721440686,
        "revenue": 57.28358094272335,
        "volume": 19210.982551868703,
        "rr": 0.0005660888387624907,
        "apr": 0.2066224261483091
    },
    "12/29/2022": {
        "tvl": 99946.1586932822,
        "revenue": 20.000428110803576,
        "volume": 6691.02223069441,
        "rr": 0.00020011202403667655,
        "apr": 0.07304088877338694
    },
    "12/30/2022": {
        "tvl": 100029.13467156216,
        "revenue": 14.650827662672098,
        "volume": 4975.441206617314,
        "rr": 0.00014646560435394092,
        "apr": 0.05345994558918844
    },
    "12/31/2022": {
        "tvl": 99822.09299466282,
        "revenue": 9.994684977655822,
        "volume": 3357.5897140005236,
        "rr": 0.00010012497912852025,
        "apr": 0.036545617381909895
    },
    "1/1/2023": {
        "tvl": 101925.97269259885,
        "revenue": 15.382798828581121,
        "volume": 5219.003826181327,
        "rr": 0.00015092128553901072,
        "apr": 0.05508626922173892
    },
    "1/2/2023": {
        "tvl": 103206.05713745077,
        "revenue": 8.129815092214587,
        "volume": 2726.758651704901,
        "rr": 0.0000787726546067662,
        "apr": 0.028752018931469663
    },
    "1/3/2023": {
        "tvl": 104776.60514018124,
        "revenue": 2.9609988553877673,
        "volume": 998.8256720606792,
        "rr": 0.000028260114473323785,
        "apr": 0.010314941782763182
    },
    "1/4/2023": {
        "tvl": 104331.592677653,
        "revenue": 3.06481220963261,
        "volume": 1023.1691878342788,
        "rr": 0.000029375686989671235,
        "apr": 0.01072212575123
    },
    "1/5/2023": {
        "tvl": 104563.70020073526,
        "revenue": 3.9527170869279096,
        "volume": 1325.3743041063042,
        "rr": 0.00003780200087926991,
        "apr": 0.013797730320933519
    },
    "1/6/2023": {
        "tvl": 106214.30226636988,
        "revenue": 4.8035312774087595,
        "volume": 1616.1812473414693,
        "rr": 0.00004522490074229559,
        "apr": 0.01650708877093789
    },
    "1/7/2023": {
        "tvl": 106715.44013858882,
        "revenue": 4.2643637013062685,
        "volume": 1430.7944304995706,
        "rr": 0.00003996013787478401,
        "apr": 0.014585450324296163
    },
    "1/8/2023": {
        "tvl": 109894.37963574438,
        "revenue": 5.749316378606276,
        "volume": 1947.5818142667904,
        "rr": 0.00005231674629460529,
        "apr": 0.01909561239753093
    },
    "1/9/2023": {
        "tvl": 109488.63356996483,
        "revenue": 23.86231561719036,
        "volume": 8048.001410716852,
        "rr": 0.00021794331374080025,
        "apr": 0.07954930951539209
    },
    "1/10/2023": {
        "tvl": 108788.25451812931,
        "revenue": 20.668941687726758,
        "volume": 6944.222794644886,
        "rr": 0.00018999240110321216,
        "apr": 0.06934722640267243
    },
    "1/11/2023": {
        "tvl": 112010.4965053786,
        "revenue": 23.225740590971714,
        "volume": 7956.305031035634,
        "rr": 0.00020735325095051644,
        "apr": 0.0756839365969385
    },
    "1/12/2023": {
        "tvl": 113257.76720091616,
        "revenue": 33.13228321077921,
        "volume": 11322.323013514138,
        "rr": 0.00029253872850948446,
        "apr": 0.10677663590596183
    },
    "1/13/2023": {
        "tvl": 119345.97734659936,
        "revenue": 43.005810574926095,
        "volume": 14896.398774715253,
        "rr": 0.00036034570691922447,
        "apr": 0.1315261830255169
    },
    "1/14/2023": {
        "tvl": 121311.67765213644,
        "revenue": 86.82060848873678,
        "volume": 29899.591159207004,
        "rr": 0.0007156822011620064,
        "apr": 0.2612240034241323
    },
    "1/15/2023": {
        "tvl": 117880.5366768943,
        "revenue": 35.183946657178566,
        "volume": 11878.085261516666,
        "rr": 0.0002984712120340639,
        "apr": 0.10894199239243332
    },
    "1/16/2023": {
        "tvl": 116934.340188318,
        "revenue": 32.25407416581232,
        "volume": 10955.131519798948,
        "rr": 0.0002758306423405515,
        "apr": 0.1006781844543013
    },
    "1/17/2023": {
        "tvl": 117244.88375366651,
        "revenue": 7.637599595498685,
        "volume": 2562.021061869027,
        "rr": 0.00006514228468634428,
        "apr": 0.023776933910515663
    },
    "1/18/2023": {
        "tvl": 114570.40418091428,
        "revenue": 26.586046225222134,
        "volume": 8903.299233392774,
        "rr": 0.00023204985978089943,
        "apr": 0.0846981988200283
    },
    "1/19/2023": {
        "tvl": 115853.54374569101,
        "revenue": 30.51331866812382,
        "volume": 10251.79514345291,
        "rr": 0.0002633783799924438,
        "apr": 0.096133108697242
    },
    "1/20/2023": {
        "tvl": 122395.8955585592,
        "revenue": 46.691977781136394,
        "volume": 15942.152670034724,
        "rr": 0.0003814831989917263,
        "apr": 0.1392413676319801
    },
    "1/21/2023": {
        "tvl": 121850.38621691715,
        "revenue": 35.58691448469254,
        "volume": 11882.228106699897,
        "rr": 0.0002920541788135245,
        "apr": 0.10659977526693645
    },
    "1/22/2023": {
        "tvl": 122357.82804405203,
        "revenue": 12.219956395549286,
        "volume": 4125.312833237702,
        "rr": 0.00009987065470915175,
        "apr": 0.03645278896884039
    },
    "1/23/2023": {
        "tvl": 122649.01489495975,
        "revenue": 25.647392052968204,
        "volume": 8640.781618559346,
        "rr": 0.0002091120917272217,
        "apr": 0.07632591348043592
    },
    "1/24/2023": {
        "tvl": 118846.39562784442,
        "revenue": 27.289367464582355,
        "volume": 9055.27212436671,
        "rr": 0.0002296188060261943,
        "apr": 0.08381086419956092
    },
    "1/25/2023": {
        "tvl": 121998.71098258966,
        "revenue": 18.383027183909864,
        "volume": 6207.165115836981,
        "rr": 0.0001506821427525844,
        "apr": 0.05499898210469331
    },
    "1/26/2023": {
        "tvl": 120358.7896335725,
        "revenue": 11.59594501319898,
        "volume": 3902.948671978691,
        "rr": 0.00009634481244371408,
        "apr": 0.035165856541955635
    },
    "1/27/2023": {
        "tvl": 124124.65447151486,
        "revenue": 10.190727560290794,
        "volume": 3444.8775242658553,
        "rr": 0.00008210075269639075,
        "apr": 0.029966774734182626
    },
    "1/28/2023": {
        "tvl": 122395.11920683399,
        "revenue": 26.620912901891504,
        "volume": 9002.315680965175,
        "rr": 0.00021749979144924199,
        "apr": 0.07938742387897332
    },
    "1/29/2023": {
        "tvl": 133517.06025059096,
        "revenue": 21.14007054030704,
        "volume": 7136.091661069066,
        "rr": 0.0001583323546865875,
        "apr": 0.057791309460604436
    },
    "1/30/2023": {
        "tvl": 128252.69753023732,
        "revenue": 29.317057350323562,
        "volume": 9783.53188983773,
        "rr": 0.00022858823178679473,
        "apr": 0.08343470460218007
    },
    "1/31/2023": {
        "tvl": 119593.9520297841,
        "revenue": 10.07039292125954,
        "volume": 3397.546020064721,
        "rr": 0.00008420486780762605,
        "apr": 0.030734776749783508
    },
    "2/1/2023": {
        "tvl": 122288.0681806583,
        "revenue": 34.68233923458263,
        "volume": 11989.697605135576,
        "rr": 0.000283611800812372,
        "apr": 0.10351830729651577
    },
    "2/2/2023": {
        "tvl": 121956.54547309176,
        "revenue": 16.844727109023033,
        "volume": 5687.746735837656,
        "rr": 0.00013812073016400436,
        "apr": 0.05041406650986159
    },
    "2/3/2023": {
        "tvl": 124352.08883843155,
        "revenue": 28.055093979846916,
        "volume": 9532.565745460613,
        "rr": 0.00022561015453707737,
        "apr": 0.08234770640603324
    },
    "2/4/2023": {
        "tvl": 126280.53257071185,
        "revenue": 6.401696312571321,
        "volume": 2163.7780804673903,
        "rr": 0.00005069424544109075,
        "apr": 0.018503399585998122
    },
    "2/5/2023": {
        "tvl": 126194.19785999619,
        "revenue": 24.232538197236842,
        "volume": 8181.156517540836,
        "rr": 0.00019202577145520732,
        "apr": 0.07008940658115068
    },
    "2/6/2023": {
        "tvl": 124735.71522636672,
        "revenue": 41.48608823260707,
        "volume": 13930.54634766503,
        "rr": 0.0003325918976559306,
        "apr": 0.12139604264441467
    },
    "2/7/2023": {
        "tvl": 130153.11238833096,
        "revenue": 16.004421883737226,
        "volume": 5436.090878897918,
        "rr": 0.0001229661096077801,
        "apr": 0.04488263000683973
    },
    "2/8/2023": {
        "tvl": 136234.43799722535,
        "revenue": 25.293857161012433,
        "volume": 8405.965023575722,
        "rr": 0.0001856641942584854,
        "apr": 0.06776743090434718
    },
    "2/9/2023": {
        "tvl": 130431.50106707263,
        "revenue": 22.73586479741747,
        "volume": 7496.434956499743,
        "rr": 0.00017431268222333697,
        "apr": 0.063624129011518
    },
    "2/10/2023": {
        "tvl": 131446.95125790665,
        "revenue": 4.676139048369578,
        "volume": 1573.0479469155775,
        "rr": 0.00003557434389782626,
        "apr": 0.012984635522706586
    },
    "2/11/2023": {
        "tvl": 130604.07801016966,
        "revenue": 11.751210585026287,
        "volume": 3960.598495538016,
        "rr": 0.00008997583202655635,
        "apr": 0.032841178689693065
    },
    "2/12/2023": {
        "tvl": 129151.43210994729,
        "revenue": 15.573624939712948,
        "volume": 5234.381881026693,
        "rr": 0.0001205842218339092,
        "apr": 0.04401324096937686
    },
    "2/13/2023": {
        "tvl": 128072.80449899328,
        "revenue": 17.99631875232632,
        "volume": 6088.6663681220225,
        "rr": 0.00014051631665852824,
        "apr": 0.05128845558036281
    },
    "2/14/2023": {
        "tvl": 129377.32367244543,
        "revenue": 5.10934162707025,
        "volume": 1720.1446100273165,
        "rr": 0.00003949178636594744,
        "apr": 0.014414502023570815
    },
    "2/15/2023": {
        "tvl": 135737.6933744708,
        "revenue": 15.483956614773296,
        "volume": 5271.514296521261,
        "rr": 0.00011407263693553731,
        "apr": 0.04163651248147112
    },
    "2/16/2023": {
        "tvl": 132962.74234897588,
        "revenue": 12.816105834734172,
        "volume": 4295.851679734289,
        "rr": 0.00009638869963359239,
        "apr": 0.035181875366261224
    },
    "2/17/2023": {
        "tvl": 136160.74595673507,
        "revenue": 6.594560457539262,
        "volume": 2218.25570459832,
        "rr": 0.000048432170455607494,
        "apr": 0.017677742216296734
    },
    "2/18/2023": {
        "tvl": 135923.6339277491,
        "revenue": 7.893309662281019,
        "volume": 2659.380029758172,
        "rr": 0.00005807164975060002,
        "apr": 0.021196152158969007
    },
    "2/19/2023": {
        "tvl": 138738.4740094712,
        "revenue": 16.29986565713468,
        "volume": 5540.316700747262,
        "rr": 0.00011748626884869692,
        "apr": 0.042882488129774375
    },
    "2/20/2023": {
        "tvl": 141660.83580554576,
        "revenue": 11.032226681517713,
        "volume": 3732.149072919582,
        "rr": 0.0000778777466530084,
        "apr": 0.02842537752834806
    },
    "2/21/2023": {
        "tvl": 142043.86890348603,
        "revenue": 40.288781663781954,
        "volume": 13499.07266740153,
        "rr": 0.0002836361891209596,
        "apr": 0.10352720902915025
    },
    "2/22/2023": {
        "tvl": 151401.60130575707,
        "revenue": 92.46429276481196,
        "volume": 32002.874989856133,
        "rr": 0.0006107220265000987,
        "apr": 0.22291353967253608
    },
    "2/23/2023": {
        "tvl": 144557.55344717272,
        "revenue": 15.970409082471846,
        "volume": 5175.264468708712,
        "rr": 0.00011047785952124661,
        "apr": 0.040324418725255017
    },
    "2/24/2023": {
        "tvl": 140156.22504592635,
        "revenue": 23.989544987995345,
        "volume": 7983.089528682339,
        "rr": 0.00017116289326524355,
        "apr": 0.0624744560418139
    },
    "2/25/2023": {
        "tvl": 138780.89538023644,
        "revenue": 30.412273332473106,
        "volume": 10381.701974689824,
        "rr": 0.00021913876005158034,
        "apr": 0.07998564741882683
    },
    "2/26/2023": {
        "tvl": 138709.83965751948,
        "revenue": 1.6322555321414103,
        "volume": 547.3507196247442,
        "rr": 0.000011767409840365463,
        "apr": 0.004295104591733394
    },
    "2/27/2023": {
        "tvl": 136937.74273644396,
        "revenue": 7.709971094485892,
        "volume": 2594.7093340505503,
        "rr": 0.00005630274707627408,
        "apr": 0.02055050268284004
    },
    "2/28/2023": {
        "tvl": 136359.47200840877,
        "revenue": 11.763427422718728,
        "volume": 3986.4888727207745,
        "rr": 0.00008626776893059047,
        "apr": 0.03148773565966552
    },
    "3/1/2023": {
        "tvl": 136042.8631061277,
        "revenue": 6.4042171882966255,
        "volume": 2134.428084930245,
        "rr": 0.00004707499564531117,
        "apr": 0.017182373410538576
    },
    "3/2/2023": {
        "tvl": 130795.12584624869,
        "revenue": 22.233348578762495,
        "volume": 7311.607501330533,
        "rr": 0.00016998606358541277,
        "apr": 0.06204491320867566
    },
    "3/3/2023": {
        "tvl": 134808.54477197296,
        "revenue": 7.131856674562119,
        "volume": 2392.560928676613,
        "rr": 0.00005290359514395448,
        "apr": 0.019309812227543386
    },
    "3/4/2023": {
        "tvl": 134417.00524970188,
        "revenue": 6.84518195265444,
        "volume": 2324.5464569240894,
        "rr": 0.0000509249699466104,
        "apr": 0.018587614030512793
    },
    "3/5/2023": {
        "tvl": 132578.34206640386,
        "revenue": 1.8433679811393446,
        "volume": 615.4043720799182,
        "rr": 0.000013903990292894642,
        "apr": 0.005074956456906545
    },
    "3/6/2023": {
        "tvl": 134671.53514175772,
        "revenue": 16.02222340288661,
        "volume": 5385.019483325286,
        "rr": 0.0001189726053543633,
        "apr": 0.0434250009543426
    },
    "3/7/2023": {
        "tvl": 131771.7339454732,
        "revenue": 15.25056041541028,
        "volume": 5087.788360971714,
        "rr": 0.00011573468724120244,
        "apr": 0.04224316084303889
    },
    "3/8/2023": {
        "tvl": 128952.6230054622,
        "revenue": 20.010004449467854,
        "volume": 6696.472847835345,
        "rr": 0.0001551733030558073,
        "apr": 0.05663825561536966
    },
    "3/9/2023": {
        "tvl": 126026.72234519006,
        "revenue": 21.635034008571257,
        "volume": 7264.10673673867,
        "rr": 0.0001716702109359982,
        "apr": 0.06265962699163935
    },
    "3/10/2023": {
        "tvl": 126996.88761454723,
        "revenue": 60.97857009824971,
        "volume": 20731.83927115496,
        "rr": 0.00048015798846447275,
        "apr": 0.17525766578953256
    },
    "3/11/2023": {
        "tvl": 124511.62722011618,
        "revenue": 44.21104132110192,
        "volume": 14687.949286962792,
        "rr": 0.00035507560464970904,
        "apr": 0.1296025956971438
    },
    "3/12/2023": {
        "tvl": 124938.93648437486,
        "revenue": 0.08189603063527517,
        "volume": 27.310642317186495,
        "rr": 6.554884565190554e-7,
        "apr": 0.0002392532866294552
    }
}